ticker,report_date,period,revenue,cogs,gross_profit,opex,operating_income_ebit,ebt,net_income,ebitda,basic_eps,diluted_eps,total_assets,current_assets,cash_and_equivalents,accounts_receivable,inventory,non_current_assets,total_liabilities,current_liabilities,accounts_payable,short_term_debt,long_term_debt,total_equity,common_stock,retained_earnings,current_ratio,quick_ratio,cash_ratio,debt_to_equity,debt_ratio,interest_coverage_ratio,roa,roe,gross_margin,net_margin,asset_turnover,inventory_turnover,receivables_turnover
AAPL,2025-09-30,12M,416161000000.0,220960000000.0,195201000000.0,0,133050000000.0,132729000000.0,112010000000.0,144748000000.0,7.49,7.46,359241000000.0,147957000000.0,35934000000.0,0,5718000000.0,211284000000.0,285508000000.0,165631000000.0,69860000000.0,20329000000.0,78328000000.0,73733000000.0,93568000000.0,-14264000000.0,0.8932929222186667,0.858770399261008,0.21695214060169896,3.872187487285205,0.7947533828265705,,0.3117962593356549,1.5191298333175105,0.4690516410716045,0.2691506412181824,1.1584451663368045,38.6428821266177,
AAPL,2024-09-30,12M,391035000000.0,210352000000.0,180683000000.0,0,123216000000.0,123485000000.0,93736000000.0,134661000000.0,6.11,6.08,364980000000.0,152987000000.0,29943000000.0,0,7286000000.0,211993000000.0,308030000000.0,176392000000.0,68960000000.0,20879000000.0,85750000000.0,56950000000.0,83276000000.0,-19154000000.0,0.8673125765340832,0.8260068483831466,0.16975259648963673,5.408779631255487,0.8439640528248123,,0.25682503150857583,1.6459350307287095,0.4620634981523393,0.23971255769943867,1.0713874732862074,28.870710952511665,
AAPL,2023-09-30,12M,383285000000.0,214137000000.0,169148000000.0,0,114301000000.0,113736000000.0,96995000000.0,125820000000.0,6.16,6.13,352583000000.0,143566000000.0,29965000000.0,0,6331000000.0,209017000000.0,290437000000.0,145308000000.0,62611000000.0,15807000000.0,95281000000.0,62146000000.0,73812000000.0,-214000000.0,0.9880116717592975,0.9444421504665951,0.20621713876730807,4.673462491552152,0.8237407929480435,29.062039155860667,0.27509834563776475,1.5607601454639075,0.4413112957720756,0.2530623426432028,1.087077369016657,33.82356657716001,
AAPL,2022-09-30,12M,394328000000.0,223546000000.0,170782000000.0,0,119437000000.0,119103000000.0,99803000000.0,130541000000.0,6.15,6.11,352755000000.0,135405000000.0,23646000000.0,0,4946000000.0,217350000000.0,302083000000.0,153982000000.0,64115000000.0,21110000000.0,98959000000.0,50672000000.0,64849000000.0,-3068000000.0,0.8793560286267226,0.8472353911496149,0.15356340351469652,5.961536943479634,0.8563535598361469,40.74957352439441,0.2829244092925685,1.9695887275023682,0.43309630561360085,0.2530964070519973,1.1178523337727317,45.19733117670845,
AAPL,2021-09-30,12M,,,,0,,,,,,,,,,0,,,,,,,,,,,,,,,,,,,,,,,
MSFT,2025-06-30,12M,281724000000.0,87831000000.0,193893000000.0,0,128528000000.0,123627000000.0,101832000000.0,160165000000.0,13.7,13.64,619003000000.0,191131000000.0,30242000000.0,0,938000000.0,427872000000.0,275524000000.0,141218000000.0,27724000000.0,2999000000.0,40152000000.0,343479000000.0,109095000000.0,237731000000.0,1.3534464445042416,1.3468042317551587,0.2141511705306689,0.8021567548525529,0.44510931287893596,53.89014675052411,0.16450970350709124,0.2964722734140952,0.6882374238616519,0.3614601524896707,0.4551254194244616,93.636460554371,
MSFT,2024-06-30,12M,245122000000.0,74114000000.0,171008000000.0,0,109433000000.0,107787000000.0,88136000000.0,133009000000.0,11.86,11.8,512163000000.0,159734000000.0,18315000000.0,0,1246000000.0,352429000000.0,243686000000.0,125286000000.0,21996000000.0,8942000000.0,42688000000.0,268477000000.0,100923000000.0,173144000000.0,1.2749549031815206,1.2650096579027186,0.14618552751305014,0.9076606189729474,0.47579774407756903,37.285519591141394,0.17208583985957596,0.32828137978299815,0.6976444382797138,0.35955972944084985,0.47860153896318164,59.481540930979136,
MSFT,2023-06-30,12M,211915000000.0,65863000000.0,146052000000.0,0,88523000000.0,89311000000.0,72361000000.0,105140000000.0,9.72,9.68,411976000000.0,184257000000.0,34704000000.0,0,2500000000.0,227719000000.0,205753000000.0,104149000000.0,18095000000.0,5247000000.0,41990000000.0,206223000000.0,93718000000.0,118848000000.0,1.76916725076573,1.745163179675273,0.3332149132492871,0.9977209137681055,0.499429578422044,44.98119918699187,0.175643726819038,0.35088714643856406,0.6892008588349102,0.3414623787839464,0.5143867603938094,26.3452,
MSFT,2022-06-30,12M,198270000000.0,62650000000.0,135620000000.0,0,83383000000.0,83716000000.0,72738000000.0,100239000000.0,9.7,9.65,364840000000.0,169684000000.0,13931000000.0,0,3742000000.0,195156000000.0,198298000000.0,95082000000.0,19000000000.0,2749000000.0,47032000000.0,166542000000.0,86939000000.0,84281000000.0,1.7846069708251824,1.7452514671546664,0.14651563913253823,1.1906786276134549,0.5435204473193729,40.41832283082889,0.19936958666812848,0.4367546925099975,0.684016744842891,0.3668633681343622,0.5434437013485364,16.742383752004276,
GOOGL,2024-12-31,12M,350018000000.0,146306000000.0,203712000000.0,0,112390000000.0,119815000000.0,100118000000.0,135394000000.0,8.13,8.04,450256000000.0,163711000000.0,23466000000.0,0,,286545000000.0,125172000000.0,89122000000.0,7987000000.0,,10883000000.0,325084000000.0,84800000000.0,245084000000.0,1.8369313974102914,,0.2633019905298355,0.38504509603671666,0.27800184783767456,419.36567164179104,0.22235794747876764,0.30797578472025694,0.5820043540617911,0.28603671811164,0.7773755374720159,,
GOOGL,2023-12-31,12M,307394000000.0,133332000000.0,174062000000.0,0,84293000000.0,85717000000.0,73795000000.0,97971000000.0,5.84,5.8,402392000000.0,171530000000.0,24048000000.0,0,,230862000000.0,119013000000.0,81814000000.0,7493000000.0,,11870000000.0,283379000000.0,76534000000.0,211247000000.0,2.096584936563424,,0.29393502334563765,0.41997819175027085,0.29576383228294795,273.67857142857144,0.18339082287918249,0.26041096905557576,0.566250479840205,0.24006649446638517,0.7639167776695361,,
GOOGL,2022-12-31,12M,282836000000.0,126203000000.0,156633000000.0,0,74842000000.0,71328000000.0,59972000000.0,85160000000.0,4.59,4.56,365264000000.0,164795000000.0,21879000000.0,0,2670000000.0,200469000000.0,109120000000.0,69300000000.0,5128000000.0,,12857000000.0,256144000000.0,68184000000.0,195563000000.0,2.377994227994228,2.3394660894660895,0.3157142857142857,0.42601036916734336,0.29874282710587413,209.64145658263305,0.16418809409084936,0.2341339246673746,0.5537944250378312,0.2120380715326196,0.7743330851110429,47.26704119850187,
GOOGL,2021-12-31,12M,257637000000.0,110939000000.0,146698000000.0,0,78714000000.0,90734000000.0,76033000000.0,103521000000.0,5.69,5.61,359268000000.0,188143000000.0,20945000000.0,0,1170000000.0,171125000000.0,107633000000.0,64254000000.0,6037000000.0,,12844000000.0,251635000000.0,61774000000.0,191484000000.0,2.928113424845146,2.9099044417468174,0.32597192392691504,0.4277346156138852,0.2995897213222441,227.4971098265896,0.21163309841121392,0.30215590041131,0.5693980290098084,0.2951167728237792,0.7171164701559838,94.81965811965811,
AMZN,2024-12-31,12M,637959000000.0,326288000000.0,311671000000.0,0,68593000000.0,68614000000.0,59248000000.0,123815000000.0,5.66,5.53,624894000000.0,190867000000.0,78779000000.0,0,34214000000.0,434027000000.0,338924000000.0,179431000000.0,94363000000.0,,52623000000.0,285970000000.0,111000000.0,172866000000.0,1.063734806137178,0.8730542659852534,0.43904899376361944,1.1851732699234185,0.5423703860174686,28.509143807148796,0.09481288026449286,0.2071825715984194,0.48854393464156787,0.09287117197186653,1.020907545919788,9.536680890863389,
AMZN,2023-12-31,12M,574785000000.0,304739000000.0,270046000000.0,0,36852000000.0,37557000000.0,30425000000.0,89402000000.0,2.95,2.9,527854000000.0,172351000000.0,73387000000.0,0,33318000000.0,355503000000.0,325979000000.0,164917000000.0,84981000000.0,,58314000000.0,201875000000.0,109000000.0,113618000000.0,1.0450772206625152,0.8430483212767634,0.4449935422060794,1.6147566563467493,0.6175552330758126,11.581395348837209,0.057639044129626754,0.15071207430340558,0.46982088955000567,0.05293283575597832,1.0889090543976174,9.146377333573444,
AMZN,2022-12-31,12M,513983000000.0,288831000000.0,225152000000.0,0,12248000000.0,-5936000000.0,-2722000000.0,38352000000.0,-0.27,-0.27,462675000000.0,146791000000.0,53888000000.0,0,34405000000.0,315884000000.0,316632000000.0,155393000000.0,79600000000.0,,67150000000.0,146043000000.0,108000000.0,83193000000.0,0.9446435811136924,0.7232372114574016,0.3467852477267316,2.1680737864875415,0.6843507861890096,5.174482467258133,-0.0058831793375479545,-0.018638346240490815,0.43805339865326287,-0.005295895000418302,1.1108942562273734,8.395029792181369,
AMZN,2021-12-31,12M,469822000000.0,272344000000.0,197478000000.0,0,24879000000.0,38151000000.0,33364000000.0,74393000000.0,3.298,3.2405,420549000000.0,161580000000.0,36220000000.0,0,32640000000.0,258969000000.0,282304000000.0,142266000000.0,78664000000.0,,48744000000.0,138245000000.0,106000000.0,85915000000.0,1.1357597739445826,0.9063303951752352,0.2545935079358385,2.04205577055228,0.6712749287241201,13.75290215588723,0.07933439385184604,0.2413396506202756,0.420325144416396,0.07101412875514557,1.1171635172120253,8.343872549019608,
META,2024-12-31,12M,164501000000.0,30161000000.0,134340000000.0,0,69380000000.0,70663000000.0,62360000000.0,86876000000.0,24.61,23.86,276054000000.0,100045000000.0,43889000000.0,0,,176009000000.0,93417000000.0,33596000000.0,7687000000.0,,28826000000.0,182637000000.0,0.0,102506000000.0,2.9778842719371355,,1.3063757590189309,0.5114900047635473,0.33840118237736094,97.03496503496504,0.22589783158367566,0.34144231453648494,0.8166515705071702,0.3790858414234564,0.5959015265129286,,
META,2023-12-31,12M,134902000000.0,25959000000.0,108943000000.0,0,46751000000.0,47428000000.0,39098000000.0,59052000000.0,15.19,14.87,229623000000.0,85365000000.0,41862000000.0,0,,144258000000.0,76455000000.0,31960000000.0,4849000000.0,,18385000000.0,153168000000.0,0.0,82070000000.0,2.6709949937421777,,1.3098247809762202,0.49915778752742085,0.33295880639134584,104.82286995515695,0.1702703997421861,0.25526219575890524,0.8075714222176098,0.28982520644616094,0.5874934131162819,,
META,2022-12-31,12M,116609000000.0,25249000000.0,91360000000.0,0,28944000000.0,28819000000.0,23200000000.0,37690000000.0,8.63,8.59,185727000000.0,59549000000.0,14681000000.0,0,,126178000000.0,60014000000.0,27026000000.0,4990000000.0,,9923000000.0,125713000000.0,0.0,64799000000.0,2.203396729075705,,0.5432176422704063,0.4773889732963178,0.3231301857026711,156.45405405405404,0.12491452508251358,0.18454734196145187,0.7834729737841848,0.19895548371051977,0.6278516316959839,,
META,2021-12-31,12M,117929000000.0,22649000000.0,95280000000.0,0,46753000000.0,47284000000.0,39370000000.0,55274000000.0,13.99,13.77,165987000000.0,66666000000.0,16601000000.0,0,,99321000000.0,41108000000.0,21135000000.0,4083000000.0,,,124879000000.0,0.0,69761000000.0,3.154293825408091,,0.7854743316773125,0.3291826488040423,0.24765794911649708,2032.7391304347825,0.23718724960388465,0.31526517669103693,0.8079437627725157,0.3338449405998525,0.7104713019694313,,
TSLA,2024-12-31,12M,97690000000.0,80240000000.0,17450000000.0,0,7760000000.0,8990000000.0,7130000000.0,14708000000.0,2.23,2.04,122070000000.0,58360000000.0,16139000000.0,0,12017000000.0,63710000000.0,48390000000.0,28821000000.0,12474000000.0,2343000000.0,5535000000.0,72913000000.0,3000000.0,35209000000.0,2.024912390270983,1.6079594739946568,0.559973630338989,0.6636676587165526,0.3964118948144507,22.17142857142857,0.05840910952732039,0.09778777447094482,0.17862626676220697,0.07298597604667827,0.8002785287130335,6.677207289672963,
TSLA,2023-12-31,12M,96773000000.0,79113000000.0,17660000000.0,0,8891000000.0,9973000000.0,14999000000.0,14796000000.0,4.725697,4.31,106618000000.0,49616000000.0,16398000000.0,0,13626000000.0,57002000000.0,43009000000.0,28748000000.0,14431000000.0,1975000000.0,2682000000.0,62634000000.0,3000000.0,27882000000.0,1.7258939752330598,1.2519131765688047,0.5704048977320162,0.6866717757128716,0.4033934232493575,56.993589743589745,0.14067981016338704,0.23947057508701344,0.18248891736331416,0.15499157822946483,0.9076609953291189,5.806032584764421,
TSLA,2022-12-31,12M,81462000000.0,60609000000.0,20853000000.0,0,13832000000.0,13719000000.0,12583000000.0,17657000000.0,4.02,3.62,82338000000.0,40917000000.0,16253000000.0,0,12839000000.0,41421000000.0,36440000000.0,26709000000.0,15255000000.0,1016000000.0,1029000000.0,44704000000.0,3000000.0,12885000000.0,1.53195552061103,1.0512561308922086,0.6085214721629413,0.8151395848246242,0.4425660084043819,72.41884816753927,0.15282129757827492,0.28147369362920543,0.25598438535759005,0.15446465836831896,0.9893609269110253,4.720694758158735,
TSLA,2021-12-31,12M,53823000000.0,40217000000.0,13606000000.0,0,6496000000.0,6343000000.0,5524000000.0,9625000000.0,1.87,1.63,62131000000.0,27100000000.0,17576000000.0,0,5757000000.0,35031000000.0,30548000000.0,19705000000.0,10025000000.0,1088000000.0,4254000000.0,30189000000.0,3000000.0,329000000.0,1.3752854605430094,1.083126110124334,0.8919563562547577,1.0118917486501706,0.49167082454813216,17.50943396226415,0.08890891825336789,0.18298055583159428,0.25279155751258753,0.10263270349107259,0.8662825320693374,6.985756470383881,
JPM,2025-12-31,12M,,,,0,,,,,20.05,20.02,,,,0,,,,,,,,,,,,,,,,,,,,,,,
JPM,2024-12-31,12M,169439000000.0,,,0,,75081000000.0,58471000000.0,,19.79,19.75,4002814000000.0,,469317000000.0,0,,,3658056000000.0,,153153000000.0,64475000000.0,389836000000.0,344758000000.0,4105000000.0,376166000000.0,,,,10.610503599626405,0.9138710916869982,,0.014607473642292647,0.16960012530528662,,0.34508584210246757,0.04232997086549612,,
JPM,2023-12-31,12M,154952000000.0,,,0,,61612000000.0,49552000000.0,,16.25,16.23,3875393000000.0,,624151000000.0,0,,,3547515000000.0,,161960000000.0,44712000000.0,391825000000.0,327878000000.0,4105000000.0,332901000000.0,,,,10.819618882633174,0.9153949031749812,,0.012786316123293819,0.15112938349020064,,0.319789354122567,0.03998355779658992,,
JPM,2022-12-31,12M,127727000000.0,,,0,,46166000000.0,37676000000.0,,12.1,12.09,3665743000000.0,,567234000000.0,0,,,3373411000000.0,,188692000000.0,44027000000.0,295865000000.0,292332000000.0,4105000000.0,296456000000.0,,,,11.539656965368144,0.9202530019153007,,0.010277861814098807,0.12888086148625535,,0.2949728718281961,0.034843413736314846,,
JPM,2021-12-31,12M,121685000000.0,,,0,,59562000000.0,48334000000.0,,,,3743567000000.0,,740834000000.0,0,,,3449440000000.0,,169172000000.0,53594000000.0,301005000000.0,294127000000.0,4105000000.0,272268000000.0,,,,11.727723058406742,0.9214313514356762,,0.012911215426356735,0.16433037429409744,,0.3972059004807495,0.0325050947398564,,
JNJ,2024-12-31,12M,88821000000.0,27471000000.0,61350000000.0,0,21249000000.0,16687000000.0,14066000000.0,24781000000.0,5.843978,5.79,180104000000.0,55893000000.0,24105000000.0,0,12444000000.0,124211000000.0,108614000000.0,50321000000.0,10311000000.0,5983000000.0,30651000000.0,71490000000.0,3120000000.0,,1.1107291190556627,0.863436736153892,0.47902466167206537,1.5192894111064486,0.6030626748989473,28.144370860927154,0.07809932039266201,0.19675479087984332,0.6907150336069173,0.1583634500850024,0.49316506018744727,2.207569913211186,
JNJ,2023-12-31,12M,85159000000.0,26553000000.0,58606000000.0,0,22009000000.0,15062000000.0,35153000000.0,23320000000.0,14.604014,13.72,167558000000.0,53495000000.0,21859000000.0,0,11181000000.0,114063000000.0,98784000000.0,46282000000.0,9632000000.0,3451000000.0,25881000000.0,68774000000.0,3120000000.0,153843000000.0,1.1558489261483946,0.9142647249470637,0.4723002463160624,1.4363567627301015,0.5895510808197758,28.509067357512954,0.20979601093352748,0.511137930031698,0.6881950234267664,0.41279254101151963,0.5082359541173802,2.3748323048027906,
JNJ,2022-12-31,12M,79990000000.0,24596000000.0,55394000000.0,0,21013000000.0,19359000000.0,17941000000.0,26605000000.0,6.862158,6.73,187378000000.0,55294000000.0,12889000000.0,0,10268000000.0,132084000000.0,110574000000.0,55802000000.0,9889000000.0,12756000000.0,26886000000.0,76804000000.0,3120000000.0,128345000000.0,0.9908963836421634,0.8068886419841583,0.23097738432314255,1.4396906411124422,0.5901119661859984,76.1340579710145,0.09574763312662106,0.233594604447685,0.6925115639454932,0.22429053631703963,0.42689109714053947,2.395403194390339,
JNJ,2021-12-31,12M,78740000000.0,23402000000.0,55338000000.0,0,20943000000.0,19178000000.0,20878000000.0,26751000000.0,7.930572,7.81,182018000000.0,60979000000.0,14487000000.0,0,10387000000.0,121039000000.0,107995000000.0,45226000000.0,11055000000.0,3766000000.0,29985000000.0,74023000000.0,3120000000.0,123060000000.0,1.3483173395834254,1.1186485649847433,0.32032459204882147,1.4589384380530375,0.5933204408355217,114.44262295081967,0.1147029414673274,0.28204747173175904,0.7027940055880112,0.2651511303022606,0.4325945785581646,2.2530085684028114,
V,2025-09-30,12M,40000000000.0,7855000000.0,32145000000.0,0,26556000000.0,24194000000.0,20058000000.0,26003000000.0,10.22,10.2,99627000000.0,37766000000.0,17164000000.0,0,,61861000000.0,61718000000.0,35048000000.0,555000000.0,5569000000.0,19602000000.0,37909000000.0,0.0,15106000000.0,1.0775507874914403,,0.48972837251769,1.6280566620063837,0.6194907003121644,45.08658743633277,0.20133096449757595,0.5291091825160252,0.803625,0.50145,0.4014975859957642,,
V,2024-09-30,12M,35926000000.0,7042000000.0,28884000000.0,0,24057000000.0,23916000000.0,19743000000.0,25591000000.0,9.74,9.73,94511000000.0,34033000000.0,11975000000.0,0,,60478000000.0,55374000000.0,26517000000.0,479000000.0,,20836000000.0,39137000000.0,0.0,17289000000.0,1.2834408115548517,,0.45159708866010484,1.4148759485908475,0.5859000539619726,37.53042121684867,0.2088963189470009,0.504458696374275,0.803985971162946,0.5495462895952792,0.3801250648072711,,
V,2023-09-30,12M,32653000000.0,6567000000.0,26086000000.0,0,21927000000.0,21037000000.0,17273000000.0,22624000000.0,8.29,8.28,90499000000.0,33532000000.0,16286000000.0,0,,56967000000.0,51766000000.0,23098000000.0,375000000.0,,20463000000.0,38733000000.0,0.0,18040000000.0,1.451727422287644,,0.7050826911420902,1.3364831022642192,0.5720063205118289,34.048136645962735,0.19086398744737512,0.44595048150156197,0.7988852479098398,0.5289866168499066,0.3608106166918971,,
V,2022-09-30,12M,29310000000.0,5733000000.0,23577000000.0,0,19681000000.0,18136000000.0,14957000000.0,19535000000.0,7.01,7.0,85501000000.0,30205000000.0,15689000000.0,0,,55296000000.0,49920000000.0,20853000000.0,340000000.0,2250000000.0,20200000000.0,35581000000.0,0.0,16116000000.0,1.4484726418261162,,0.7523617704886587,1.4029959810010961,0.5838528204348488,36.5817843866171,0.1749336265072923,0.42036480143897026,0.8044012282497441,0.5103036506311839,0.3428030081519514,,
WMT,2025-01-31,12M,680985000000.0,511753000000.0,169232000000.0,0,29348000000.0,26309000000.0,19436000000.0,42010000000.0,2.42,2.41,260823000000.0,79458000000.0,9037000000.0,0,56435000000.0,181365000000.0,163131000000.0,96584000000.0,58666000000.0,5666000000.0,33401000000.0,91013000000.0,802000000.0,98313000000.0,0.8226828460200447,0.2383728153731467,0.09356622214859604,1.7923922956061222,0.6254471423149032,10.758064516129032,0.07451796812397679,0.2135519101666795,0.24851061330278934,0.028541010448100913,2.610908547175671,9.06800744219013,
WMT,2024-01-31,12M,648125000000.0,490142000000.0,157983000000.0,0,27012000000.0,21848000000.0,15511000000.0,36384000000.0,1.92,1.913333,252399000000.0,76877000000.0,9867000000.0,0,54892000000.0,175522000000.0,161828000000.0,92415000000.0,56812000000.0,4325000000.0,36132000000.0,83861000000.0,805000000.0,89814000000.0,0.8318671211383434,0.23789428123140183,0.10676838175620841,1.9297170317549277,0.641159434070658,10.067834513604174,0.0614542846841707,0.18496082803687053,0.24375390549662487,0.023932111861137896,2.5678588266989966,8.929206441740144,
WMT,2023-01-31,12M,611289000000.0,463721000000.0,147568000000.0,0,20428000000.0,17016000000.0,11680000000.0,30089000000.0,1.43,1.423333,243197000000.0,75655000000.0,8625000000.0,0,56576000000.0,167542000000.0,159206000000.0,92198000000.0,53742000000.0,4563000000.0,34649000000.0,76693000000.0,808000000.0,83135000000.0,0.8205709451398078,0.20693507451354692,0.09354866699928414,2.075886977951052,0.65463800951492,9.599624060150376,0.04802690822666398,0.15229551588802107,0.24140463839525986,0.01910716535059522,2.5135548547062667,8.19642604638009,
WMT,2022-01-31,12M,572754000000.0,429000000000.0,143754000000.0,0,25942000000.0,18696000000.0,13673000000.0,31348000000.0,1.633333,1.623333,244860000000.0,81070000000.0,14760000000.0,0,56511000000.0,163790000000.0,152969000000.0,87379000000.0,55261000000.0,3213000000.0,34864000000.0,83253000000.0,276000000.0,86904000000.0,0.9277972968333352,0.2810629556300713,0.16891930555396606,1.837399252879776,0.6247202483051539,13.010030090270812,0.05584007187780773,0.16423432188629838,0.25098733487675334,0.0238723780191845,2.339108061749571,7.59144237405107,
WMT,2021-01-31,12M,,,,0,,,,,,,,,,0,,,,,,,,,,,,,,,,,,,,,,,
PG,2025-06-30,12M,84284000000.0,41164000000.0,43120000000.0,0,20451000000.0,20167000000.0,15974000000.0,23921000000.0,6.67,6.51,125231000000.0,25392000000.0,9556000000.0,0,7551000000.0,99839000000.0,72947000000.0,36058000000.0,15227000000.0,9512000000.0,24995000000.0,52012000000.0,4009000000.0,129973000000.0,0.7041987908369849,0.49478617782461587,0.26501747185090685,1.4025032684765055,0.582499540848512,22.54796030871003,0.1275562760019484,0.3071214335153426,0.5116036258364577,0.1895258886621423,0.6730282438054476,5.451463382333466,
PG,2024-06-30,12M,84039000000.0,40848000000.0,43191000000.0,0,19886000000.0,18761000000.0,14879000000.0,22582000000.0,6.18,6.02,122370000000.0,24709000000.0,9482000000.0,0,7016000000.0,97661000000.0,71812000000.0,33627000000.0,15364000000.0,7191000000.0,25269000000.0,50286000000.0,4009000000.0,123811000000.0,0.7347964433342254,0.5261545781663545,0.28197579326136735,1.4280714314123215,0.5868431805181008,21.49837837837838,0.12159025905042085,0.2958875233663445,0.5139399564487916,0.17704875117504967,0.6867614611424369,5.82212086659065,
PG,2023-06-30,12M,82006000000.0,42760000000.0,39246000000.0,0,18134000000.0,18353000000.0,14653000000.0,21823000000.0,6.07,5.9,120829000000.0,22648000000.0,8246000000.0,0,7073000000.0,98181000000.0,73764000000.0,35756000000.0,14598000000.0,10229000000.0,24378000000.0,46777000000.0,4009000000.0,118170000000.0,0.6334041839131894,0.4355912294440094,0.23061863743148003,1.5769288325459092,0.6104825828236599,23.986772486772487,0.12127055590959124,0.31325223934839774,0.47857473843377313,0.17868204765504964,0.6786946842231584,6.0455252368160615,
PG,2022-06-30,12M,80187000000.0,42157000000.0,38030000000.0,0,17813000000.0,17995000000.0,14742000000.0,21241000000.0,6.0,5.81,117208000000.0,21653000000.0,7214000000.0,0,6924000000.0,95555000000.0,70354000000.0,33081000000.0,14882000000.0,8645000000.0,22848000000.0,46589000000.0,4009000000.0,112429000000.0,0.6545449049303226,0.44524047036062997,0.2180707959251534,1.5100989503960163,0.6002491297522353,40.57630979498861,0.12577639751552794,0.31642662431045954,0.4742664022846596,0.18384526170077445,0.6841427206334039,6.088532640092432,
UNH,2024-12-31,12M,400278000000.0,310879000000.0,89399000000.0,0,32287000000.0,20071000000.0,14405000000.0,28076000000.0,15.743169,15.51,298278000000.0,85779000000.0,25312000000.0,0,,212499000000.0,195687000000.0,103769000000.0,68561000000.0,4545000000.0,72359000000.0,92658000000.0,9000000.0,96036000000.0,0.8266341585637329,,0.24392641347608632,2.111927734248527,0.6560557600627602,8.26600102406554,0.04829387350055988,0.15546418010317511,0.2233422771174034,0.03598748869535673,1.341962866855752,,
UNH,2023-12-31,12M,371622000000.0,280664000000.0,90958000000.0,0,32358000000.0,29112000000.0,22381000000.0,36330000000.0,24.221861,23.86,273720000000.0,78437000000.0,25427000000.0,0,,195283000000.0,174801000000.0,99054000000.0,64353000000.0,4274000000.0,58263000000.0,88756000000.0,9000000.0,95774000000.0,0.7918610051083248,,0.25669836654753975,1.9694555861012213,0.6386124506795265,9.968576709796674,0.08176603828730089,0.25216323403488217,0.2447594598812772,0.06022517504345814,1.357672073651907,,
UNH,2022-12-31,12M,324162000000.0,244545000000.0,79617000000.0,0,28435000000.0,26343000000.0,20120000000.0,31835000000.0,21.541756,21.18,245705000000.0,69069000000.0,23365000000.0,0,,176636000000.0,159358000000.0,89237000000.0,56771000000.0,3110000000.0,54513000000.0,77772000000.0,9000000.0,86156000000.0,0.7739950917220435,,0.2618308549144413,2.0490407858869517,0.6485745100832299,13.59225621414914,0.08188681549012027,0.25870493236640435,0.24560867714291001,0.062067731566315607,1.3193138112777518,,
UNH,2021-12-31,12M,287597000000.0,217945000000.0,69652000000.0,0,23970000000.0,22310000000.0,17285000000.0,27073000000.0,18.33,18.08,212206000000.0,61758000000.0,21375000000.0,0,,150448000000.0,135727000000.0,78292000000.0,49126000000.0,3620000000.0,42383000000.0,71760000000.0,10000000.0,77134000000.0,0.7888162264343739,,0.2730164001430542,1.891401895206243,0.639600199805849,14.439759036144578,0.08145387029584461,0.24087235228539577,0.2421861145978574,0.060101461419973086,1.355272706709518,,
HD,2025-01-31,12M,159514000000.0,106206000000.0,53308000000.0,0,21526000000.0,19406000000.0,14806000000.0,25488000000.0,14.96,14.91,96119000000.0,31683000000.0,1659000000.0,0,23451000000.0,64436000000.0,89479000000.0,28661000000.0,11938000000.0,4898000000.0,48485000000.0,6640000000.0,90000000.0,89533000000.0,1.1054394473326123,0.28721956665852555,0.05788353511740693,13.475753012048193,0.9309189650329279,9.274450667815596,0.15403822345217907,2.2298192771084335,0.3341901024361498,0.09281943904610254,1.65954701983999,4.52884738390687,
HD,2024-01-31,12M,152669000000.0,101709000000.0,50960000000.0,0,21689000000.0,19924000000.0,15143000000.0,25114000000.0,15.16,15.11,76530000000.0,29775000000.0,3760000000.0,0,20976000000.0,46755000000.0,75486000000.0,22015000000.0,10037000000.0,1368000000.0,42743000000.0,1044000000.0,90000000.0,83656000000.0,1.3524869407222349,0.3996820349761526,0.1707926413808767,72.30459770114942,0.986358290866327,11.162635100360268,0.19787011629426368,14.504789272030651,0.33379402498215094,0.09918844035134834,1.994890892460473,4.848827231121281,
HD,2023-01-31,12M,157403000000.0,104625000000.0,52778000000.0,0,24039000000.0,22477000000.0,17105000000.0,27069000000.0,16.74,16.69,76445000000.0,32471000000.0,2757000000.0,0,24886000000.0,43974000000.0,74883000000.0,23110000000.0,11443000000.0,1231000000.0,41962000000.0,1562000000.0,90000000.0,76896000000.0,1.4050627434011251,0.328212894850714,0.11929900475984423,47.9404609475032,0.9795670089606907,14.866419294990724,0.2237556413107463,10.950704225352112,0.3353049179494673,0.10867010158637383,2.059035908169272,4.204171019850518,
HD,2022-01-31,12M,151157000000.0,100325000000.0,50832000000.0,0,23040000000.0,21737000000.0,16433000000.0,25946000000.0,15.59,15.53,71876000000.0,29055000000.0,2343000000.0,0,22068000000.0,42821000000.0,73572000000.0,28693000000.0,13462000000.0,3482000000.0,36604000000.0,-1696000000.0,90000000.0,67580000000.0,1.012616317568745,0.2435088697591747,0.08165754713693235,-43.37971698113208,1.0235961934442652,17.104677060133632,0.2286298625410429,-9.689268867924529,0.3362861131141793,0.1087147799969568,2.103024653570037,4.546175457676274,
HD,2021-01-31,12M,,,,0,,,,,,,,,,0,,,,,,,,,,,,,,,,,,,,,,,
MA,2024-12-31,12M,28167000000.0,6673000000.0,21494000000.0,0,16327000000.0,15254000000.0,12874000000.0,16797000000.0,13.91,13.89,48081000000.0,19724000000.0,8442000000.0,0,,28357000000.0,41566000000.0,19220000000.0,929000000.0,750000000.0,17476000000.0,6485000000.0,0.0,72907000000.0,1.026222684703434,,0.4392299687825182,6.409560524286816,0.8644994904432104,25.273993808049536,0.26775649424928766,1.9851966075558982,0.7630915610466148,0.4570596797671033,0.5858239221314032,,
MA,2023-12-31,12M,25098000000.0,6022000000.0,19076000000.0,0,14630000000.0,13639000000.0,11195000000.0,15013000000.0,11.86,11.83,42448000000.0,18961000000.0,8588000000.0,0,,23487000000.0,35451000000.0,16264000000.0,834000000.0,1337000000.0,14344000000.0,6929000000.0,0.0,62564000000.0,1.1658263649778653,,0.5280373831775701,5.1163227016885555,0.8351630229928383,25.443478260869565,0.2637344515642669,1.6156732573242891,0.7600605625946291,0.44605147820543467,0.5912646061062947,,
MA,2022-12-31,12M,22237000000.0,5263000000.0,16974000000.0,0,12722000000.0,11732000000.0,9930000000.0,12953000000.0,10.26,10.22,38724000000.0,16606000000.0,7008000000.0,0,,22118000000.0,32347000000.0,14171000000.0,926000000.0,274000000.0,13749000000.0,6298000000.0,0.0,53607000000.0,1.1718297932397148,,0.4945310846094136,5.136074944426802,0.8353217642805495,27.010615711252655,0.25643012085528355,1.5766910130200062,0.7633223906102442,0.4465530422269191,0.5742433632889165,,
MA,2021-12-31,12M,18884000000.0,4489000000.0,14395000000.0,0,10227000000.0,10307000000.0,8687000000.0,11464000000.0,8.79,8.76,37669000000.0,16949000000.0,7421000000.0,0,,20720000000.0,30257000000.0,13162000000.0,738000000.0,792000000.0,13109000000.0,7312000000.0,0.0,45648000000.0,1.2877222306640328,,0.5638200881325026,4.137992341356674,0.8032334280177335,23.728538283062644,0.23061403275903264,1.18804704595186,0.7622855327261173,0.4600190637576785,0.5013140778889803,,
DIS,2025-09-30,12M,94425000000.0,58766000000.0,35659000000.0,0,13832000000.0,12003000000.0,12404000000.0,19141000000.0,6.88,6.85,197514000000.0,24267000000.0,5695000000.0,0,2134000000.0,173247000000.0,82902000000.0,34162000000.0,15055000000.0,6711000000.0,35315000000.0,109869000000.0,59814000000.0,60410000000.0,0.7103506820443768,0.6478836133715825,0.1667056963877993,0.7545531496600497,0.41972720921048634,7.63355408388521,0.06280061160221553,0.11289808772265152,0.3776436325125761,0.1313635160180037,0.4780673775023543,27.53795688847235,
DIS,2024-09-30,12M,91361000000.0,58698000000.0,32663000000.0,0,11914000000.0,7569000000.0,4972000000.0,14629000000.0,2.72,2.72,196219000000.0,25241000000.0,6002000000.0,0,2022000000.0,170978000000.0,90697000000.0,34599000000.0,14796000000.0,6845000000.0,38970000000.0,100696000000.0,58592000000.0,49722000000.0,0.7295297551952369,0.6710887597907454,0.1734732217694153,0.9007011202033844,0.46222333209322236,5.7555555555555555,0.025339034446205517,0.04937634066894415,0.3575157890128173,0.054421470868313615,0.46560730612224094,29.02967359050445,
DIS,2023-09-30,12M,88898000000.0,59201000000.0,29697000000.0,0,8992000000.0,4769000000.0,2354000000.0,12111000000.0,1.29,1.29,205579000000.0,32763000000.0,14182000000.0,0,1963000000.0,172816000000.0,92567000000.0,31139000000.0,15125000000.0,4330000000.0,42101000000.0,99277000000.0,57383000000.0,46093000000.0,1.0521532483380969,0.989113330550114,0.45544172902148433,0.9324113339444181,0.4502745903034843,4.5575266092245315,0.011450585906148001,0.02371143366540085,0.33405700915656145,0.02647978582195325,0.4324274366545221,30.15843097300051,
DIS,2022-09-30,12M,82722000000.0,54401000000.0,28321000000.0,0,6770000000.0,5285000000.0,3145000000.0,11997000000.0,1.73,1.72,203631000000.0,29098000000.0,11615000000.0,0,1742000000.0,174533000000.0,95253000000.0,29073000000.0,16205000000.0,3070000000.0,45299000000.0,95008000000.0,56398000000.0,43636000000.0,1.000859904378633,0.940941767275479,0.3995115743129364,1.0025787302121927,0.4677725886530047,4.3705616526791475,0.015444603228388604,0.0331024755810037,0.3423635792171369,0.03801890669954788,0.40623480707750786,31.229047072330655,
DIS,2021-09-30,12M,,,,0,,,,,,,,,,0,,,,,,,,,,,,,,,,,,,,,,,
BAC,2025-12-31,12M,,,,0,,,,,3.86,3.81,,,,0,,,,,,,,,,,,,,,,,,,,,,,
BAC,2024-12-31,12M,101887000000.0,,,0,,29254000000.0,27132000000.0,,3.25,3.21,3261519000000.0,,296486000000.0,0,,,2965960000000.0,,,43391000000.0,283279000000.0,295559000000.0,45336000000.0,242349000000.0,,,,10.035086057267753,0.9093799545549175,,0.008318823223166873,0.09179893016284396,,0.2662950131027511,0.031239125082515234,,
BAC,2023-12-31,12M,98581000000.0,,,0,,28342000000.0,26515000000.0,,3.1,3.08,3180151000000.0,,341419000000.0,0,,,2888505000000.0,,,32098000000.0,302204000000.0,291646000000.0,56365000000.0,224672000000.0,,,,9.904147493879567,0.9082917760823307,,0.008337654406976272,0.09091501340666425,,0.26896663657297043,0.03099884250779287,,
BAC,2022-12-31,12M,94950000000.0,,,0,,30969000000.0,27528000000.0,,3.21,3.19,3051375000000.0,,237462000000.0,0,,,2778178000000.0,,,26932000000.0,275982000000.0,273197000000.0,58953000000.0,207003000000.0,,,,10.169138021281347,0.9104675760927451,,0.009021506697800172,0.10076245346764423,,0.2899210110584518,0.031117119331448936,,
BAC,2021-12-31,12M,89113000000.0,,,0,,33976000000.0,31978000000.0,,,,3169495000000.0,,355365000000.0,0,,,2899429000000.0,,,23753000000.0,280117000000.0,270066000000.0,62398000000.0,188064000000.0,,,,10.736001569986596,0.9147921041049126,,0.010089304447553947,0.11840809283656588,,0.35884775509746053,0.028115835487987833,,
NVDA,2025-01-31,12M,130497000000.0,32639000000.0,97858000000.0,0,81453000000.0,84026000000.0,72880000000.0,86137000000.0,2.97,2.94,111601000000.0,80126000000.0,8589000000.0,0,10080000000.0,31475000000.0,32274000000.0,18047000000.0,6310000000.0,,8463000000.0,79327000000.0,24000000.0,68038000000.0,4.439851498864077,3.8813099130049316,0.47592397628414695,0.4068476054811098,0.28919095707027714,329.7692307692308,0.6530407433625147,0.9187288060811577,0.7498869705816992,0.5584802715771244,1.169317479234057,3.237996031746032,
NVDA,2024-01-31,12M,60922000000.0,16621000000.0,44301000000.0,0,32972000000.0,33818000000.0,29760000000.0,35583000000.0,1.21,1.19,65728000000.0,44345000000.0,7280000000.0,0,5282000000.0,21383000000.0,22750000000.0,10631000000.0,2699000000.0,1250000000.0,8459000000.0,42978000000.0,25000000.0,29817000000.0,4.171291505973097,3.6744426676700215,0.6847897657793246,0.529340592861464,0.346123417721519,128.295719844358,0.4527750730282376,0.6924472986178976,0.7271757329043695,0.4884934834706674,0.9268804771178188,3.1467247254827715,
NVDA,2023-01-31,12M,26974000000.0,11618000000.0,15356000000.0,0,5577000000.0,4181000000.0,4368000000.0,5986000000.0,0.176,0.174,41182000000.0,23073000000.0,3389000000.0,0,5159000000.0,18109000000.0,19081000000.0,6563000000.0,1193000000.0,1250000000.0,9703000000.0,22101000000.0,2000000.0,10171000000.0,3.515617857687033,2.7295444156635686,0.516379704403474,0.8633545993393964,0.46333349521635664,21.286259541984734,0.10606575688407557,0.19763811592235644,0.5692889449099132,0.16193371394676356,0.6549949006847652,2.251986819150998,
NVDA,2022-01-31,12M,26914000000.0,9439000000.0,17475000000.0,0,10041000000.0,9941000000.0,9752000000.0,11351000000.0,0.391,0.385,44187000000.0,28829000000.0,1990000000.0,0,2605000000.0,15358000000.0,17575000000.0,4335000000.0,1783000000.0,,10946000000.0,26612000000.0,3000000.0,16235000000.0,6.650288350634371,6.049365628604383,0.4590542099192618,0.6604163535247257,0.3977414171588929,42.54661016949152,0.22069839545567702,0.3664512250112731,0.6492903321691313,0.3623393029649996,0.6090931721999683,3.62341650671785,
PYPL,2024-12-31,12M,31797000000.0,17139000000.0,14658000000.0,0,5763000000.0,5329000000.0,4147000000.0,6743000000.0,4.03,3.99,81611000000.0,61092000000.0,6561000000.0,0,,20519000000.0,61194000000.0,48376000000.0,39898000000.0,,9879000000.0,20417000000.0,0.0,27347000000.0,1.2628576153464528,,0.13562510335703654,2.99720820884557,0.7498253911850118,15.086387434554974,0.05081422847410275,0.20311505118283782,0.4609868855552411,0.13042110890964556,0.3896165958020365,,
PYPL,2023-12-31,12M,29771000000.0,16067000000.0,13704000000.0,0,4944000000.0,5411000000.0,4246000000.0,6830000000.0,3.85,3.84,82166000000.0,62569000000.0,9081000000.0,0,,19597000000.0,61115000000.0,48466000000.0,42074000000.0,,9676000000.0,21051000000.0,0.0,23200000000.0,1.2909874963892214,,0.1873684644905707,2.90318749703102,0.7437991383297228,14.247838616714697,0.051675875666334005,0.2017006317989644,0.4603137281246851,0.14262201471230393,0.36232748338728915,,
PYPL,2022-12-31,12M,27518000000.0,13745000000.0,13773000000.0,0,4044000000.0,3366000000.0,2419000000.0,4987000000.0,2.1,2.09,78624000000.0,57424000000.0,7776000000.0,0,,21200000000.0,58350000000.0,45008000000.0,40140000000.0,,10417000000.0,20274000000.0,0.0,18954000000.0,1.2758620689655173,,0.1727692854603626,2.8780704350399526,0.7421398046398047,13.302631578947368,0.030766687016687017,0.11931537930354148,0.5005087579039175,0.08790609782687696,0.3499949124949125,,
PYPL,2021-12-31,12M,25371000000.0,11375000000.0,13996000000.0,0,4324000000.0,4099000000.0,4169000000.0,5596000000.0,3.55,3.52,75803000000.0,52574000000.0,5197000000.0,0,,23229000000.0,54076000000.0,43029000000.0,39038000000.0,999000000.0,8049000000.0,21727000000.0,0.0,16535000000.0,1.2218271398359246,,0.12077900950521742,2.4888847977171262,0.7133754600741395,18.637931034482758,0.054997823305146236,0.19188106963685736,0.5516534626147964,0.1643214693941902,0.334696515969025,,
NFLX,2025-12-31,12M,,,,0,,,,,2.58,2.53,,,,0,,,,,,,,,,,,,,,,,,,,,,,
NFLX,2024-12-31,12M,39000966000.0,21038464000.0,17962502000.0,0,10417614000.0,9965657000.0,8711631000.0,26314821000.0,2.028,1.983,53630374000.0,13100379000.0,7804733000.0,0,,40529995000.0,28886807000.0,10755400000.0,899909000.0,1784453000.0,13798351000.0,24743567000.0,6252126000.0,31300917000.0,1.2180280603231866,,0.7256571582646857,1.1674471590939173,0.5386277373340712,14.494414476585881,0.16243837866952038,0.3520766023750739,0.46056556650417324,0.22336962115246067,0.7272178635189082,,
NFLX,2023-12-31,12M,33723297000.0,19715368000.0,14007929000.0,0,6954003000.0,6205405000.0,5407990000.0,21508387000.0,1.225,1.203,48731992000.0,9918133000.0,7116913000.0,0,,38813859000.0,28143679000.0,8860655000.0,747412000.0,399844000.0,14143417000.0,20588313000.0,5145172000.0,22589286000.0,1.119345353136986,,0.8032039392121688,1.3669735349370296,0.5775195686644617,9.289368926980837,0.11097412147650357,0.262672808597771,0.4153783955346952,0.16036362043723068,0.6920155654626226,,
NFLX,2022-12-31,12M,31615550000.0,19168285000.0,12447265000.0,0,5632831000.0,5263929000.0,4491924000.0,20332955000.0,1.01,0.995,48594768000.0,9266473000.0,5147176000.0,0,,39328295000.0,27817367000.0,7930974000.0,671513000.0,,14353076000.0,20777401000.0,4637601000.0,17181296000.0,1.168390288506809,,0.6489967058270523,1.338828037250665,0.5724354317320746,7.976119069061415,0.09243637092783322,0.21619277598771858,0.39370705238403253,0.14207957792921522,0.6505957596093472,,
NFLX,2021-12-31,12M,29697844000.0,17332683000.0,12365161000.0,0,6194509000.0,5840103000.0,5116228000.0,19044502000.0,,,44584663000.0,8069825000.0,6027804000.0,0,,36514838000.0,28735415000.0,8488966000.0,837483000.0,699823000.0,14693072000.0,15849248000.0,4024561000.0,12689372000.0,0.950625199818211,,0.7100751728773563,1.8130459565021635,0.6445134507352899,8.090840103445574,0.11475309345727251,0.3228057255460953,0.4163656122646479,0.17227607499049427,0.6660999994549696,,
ADBE,2025-11-30,12M,23769000000.0,2551000000.0,21218000000.0,0,8706000000.0,8734000000.0,7130000000.0,9815000000.0,16.73,16.7,29496000000.0,10163000000.0,5431000000.0,0,,19333000000.0,17873000000.0,10200000000.0,417000000.0,,6210000000.0,11623000000.0,0.0,45354000000.0,0.9963725490196078,,0.5324509803921569,1.537726920760561,0.6059465690263086,33.10266159695818,0.2417276918904258,0.6134388712036479,0.8926753334174765,0.2999705498758888,0.8058380797396257,,
ADBE,2024-11-30,12M,21505000000.0,2358000000.0,19147000000.0,0,7741000000.0,6931000000.0,5560000000.0,7957000000.0,12.43,12.36,30230000000.0,11232000000.0,7613000000.0,0,,18998000000.0,16125000000.0,10521000000.0,361000000.0,1499000000.0,4129000000.0,14105000000.0,0.0,38470000000.0,1.067579127459367,,0.7236004182111967,1.1432116270825947,0.5334105193516374,45.80473372781065,0.18392325504465762,0.3941864587025877,0.89035108114392,0.25854452452917925,0.711379424412835,,
ADBE,2023-11-30,12M,19409000000.0,2354000000.0,17055000000.0,0,6650000000.0,6799000000.0,5428000000.0,7784000000.0,11.87,11.82,29779000000.0,11084000000.0,7141000000.0,0,,18695000000.0,13261000000.0,8251000000.0,314000000.0,,3634000000.0,16518000000.0,0.0,33346000000.0,1.3433523209307963,,0.8654708520179372,0.8028211647899262,0.4453138117465328,58.849557522123895,0.18227610060781088,0.32861121201113935,0.878716059559998,0.2796640733680251,0.6517680244467577,,
ADBE,2022-11-30,12M,17606000000.0,2165000000.0,15441000000.0,0,6098000000.0,6008000000.0,4756000000.0,6976000000.0,10.13,10.1,27165000000.0,8996000000.0,4236000000.0,0,,18169000000.0,13114000000.0,8128000000.0,379000000.0,500000000.0,3629000000.0,14051000000.0,0.0,28319000000.0,1.106791338582677,,0.5211614173228346,0.9333143548501885,0.4827535431621572,54.44642857142857,0.17507822565801584,0.3384812468863426,0.8770305577643985,0.27013518118823127,0.64811338118903,,
KO,2024-12-31,12M,47061000000.0,18324000000.0,28737000000.0,0,14022000000.0,13086000000.0,10631000000.0,15817000000.0,2.47,2.46,100549000000.0,25997000000.0,10828000000.0,0,4728000000.0,74552000000.0,74177000000.0,25249000000.0,5468000000.0,2147000000.0,42375000000.0,24856000000.0,1760000000.0,76054000000.0,1.0296249356410154,0.8423699948512813,0.42884866727395143,2.98426939169617,0.73771991765209,8.467391304347826,0.1057295447990532,0.4277035725780496,0.6106330082233696,0.22589830220352308,0.46804045788620474,3.8756345177664975,
KO,2023-12-31,12M,45754000000.0,18520000000.0,27234000000.0,0,13098000000.0,12952000000.0,10714000000.0,15607000000.0,2.48,2.47,97703000000.0,26732000000.0,9366000000.0,0,4424000000.0,70971000000.0,70223000000.0,23571000000.0,5590000000.0,6517000000.0,35547000000.0,25941000000.0,1760000000.0,73782000000.0,1.1341054685842773,0.9464172075855924,0.39735267913962075,2.707027485447747,0.7187394450528642,8.577603143418468,0.10965886410857395,0.41301414748853166,0.5952266468505486,0.23416531887922368,0.4682967769669304,4.18625678119349,
KO,2022-12-31,12M,43004000000.0,18000000000.0,25004000000.0,0,12042000000.0,11686000000.0,9542000000.0,13828000000.0,2.2,2.19,92763000000.0,22591000000.0,9519000000.0,0,4233000000.0,70172000000.0,66937000000.0,19724000000.0,5307000000.0,2772000000.0,36377000000.0,24105000000.0,1760000000.0,71019000000.0,1.1453559115798013,0.9307442709389576,0.4826100182518759,2.7768927608380003,0.7215915828509212,13.653061224489797,0.10286428856332805,0.3958514830947936,0.5814342851827737,0.2218863361547763,0.46359000894753294,4.252303330970943,
KO,2021-12-31,12M,38655000000.0,15357000000.0,23298000000.0,0,11039000000.0,12425000000.0,9771000000.0,15474000000.0,2.26,2.25,94354000000.0,22545000000.0,9684000000.0,0,3414000000.0,71809000000.0,69494000000.0,19950000000.0,4602000000.0,4645000000.0,38116000000.0,22999000000.0,1760000000.0,69094000000.0,1.130075187969925,0.9589473684210527,0.48541353383458646,3.0216096352015307,0.7365241537189732,6.9123356293049465,0.1035568179409458,0.42484455845906344,0.6027163368257664,0.2527745440434614,0.40968056468194247,4.498242530755712,
