Date,Tax Effect Of Unusual Items,Tax Rate For Calcs,Normalized EBITDA,Net Income From Continuing Operation Net Minority Interest,Reconciled Depreciation,Reconciled Cost Of Revenue,EBITDA,EBIT,Net Interest Income,Interest Expense,Interest Income,Normalized Income,Net Income From Continuing And Discontinued Operation,Total Expenses,Total Operating Income As Reported,Diluted Average Shares,Basic Average Shares,Diluted EPS,Basic EPS,Diluted NI Availto Com Stockholders,Net Income Common Stockholders,Net Income,Net Income Including Noncontrolling Interests,Net Income Continuous Operations,Tax Provision,Pretax Income,Other Income Expense,Other Non Operating Income Expenses,Net Non Operating Interest Income Expense,Interest Expense Non Operating,Interest Income Non Operating,Operating Income,Operating Expense,Research And Development,Selling General And Administration,Gross Profit,Cost Of Revenue,Total Revenue,Operating Revenue,Treasury Shares Number,Ordinary Shares Number,Share Issued,Net Debt,Total Debt,Tangible Book Value,Invested Capital,Working Capital,Net Tangible Assets,Capital Lease Obligations,Common Stock Equity,Total Capitalization,Total Equity Gross Minority Interest,Stockholders Equity,Gains Losses Not Affecting Retained Earnings,Other Equity Adjustments,Retained Earnings,Capital Stock,Common Stock,Total Liabilities Net Minority Interest,Total Non Current Liabilities Net Minority Interest,Other Non Current Liabilities,Tradeand Other Payables Non Current,Long Term Debt And Capital Lease Obligation,Long Term Capital Lease Obligation,Long Term Debt,Current Liabilities,Other Current Liabilities,Current Deferred Liabilities,Current Deferred Revenue,Current Debt And Capital Lease Obligation,Current Capital Lease Obligation,Current Debt,Other Current Borrowings,Commercial Paper,Payables And Accrued Expenses,Current Accrued Expenses,Payables,Total Tax Payable,Income Tax Payable,Accounts Payable,Total Assets,Total Non Current Assets,Other Non Current Assets,Non Current Deferred Assets,Non Current Deferred Taxes Assets,Investments And Advances,Other Investments,Investmentin Financial Assets,Available For Sale Securities,Net PPE,Accumulated Depreciation,Gross PPE,Leases,Other Properties,Machinery Furniture Equipment,Land And Improvements,Properties,Current Assets,Other Current Assets,Inventory,Receivables,Other Receivables,Accounts Receivable,Cash Cash Equivalents And Short Term Investments,Other Short Term Investments,Cash And Cash Equivalents,Cash Equivalents,Cash Financial,Free Cash Flow,Repurchase Of Capital Stock,Repayment Of Debt,Issuance Of Debt,Issuance Of Capital Stock,Capital Expenditure,Interest Paid Supplemental Data,Income Tax Paid Supplemental Data,End Cash Position,Beginning Cash Position,Changes In Cash,Financing Cash Flow,Cash Flow From Continuing Financing Activities,Net Other Financing Charges,Cash Dividends Paid,Common Stock Dividend Paid,Net Common Stock Issuance,Common Stock Payments,Common Stock Issuance,Net Issuance Payments Of Debt,Net Short Term Debt Issuance,Net Long Term Debt Issuance,Long Term Debt Payments,Long Term Debt Issuance,Investing Cash Flow,Cash Flow From Continuing Investing Activities,Net Other Investing Changes,Net Investment Purchase And Sale,Sale Of Investment,Purchase Of Investment,Net Business Purchase And Sale,Purchase Of Business,Net PPE Purchase And Sale,Purchase Of PPE,Operating Cash Flow,Cash Flow From Continuing Operating Activities,Change In Working Capital,Change In Other Working Capital,Change In Other Current Liabilities,Change In Other Current Assets,Change In Payables And Accrued Expense,Change In Payable,Change In Account Payable,Change In Inventory,Change In Receivables,Changes In Account Receivables,Other Non Cash Items,Stock Based Compensation,Deferred Tax,Deferred Income Tax,Depreciation Amortization Depletion,Depreciation And Amortization,Net Income From Continuing Operations,Ticker,Total Unusual Items,Total Unusual Items Excluding Goodwill,Special Income Charges,Write Off,Gain On Sale Of Security,Selling And Marketing Expense,General And Administrative Expense,Other Gand A,Non Current Deferred Liabilities,Non Current Deferred Revenue,Non Current Deferred Taxes Liabilities,Pensionand Other Post Retirement Benefit Plans Current,Financial Assets,Long Term Equity Investment,Goodwill And Other Intangible Assets,Other Intangible Assets,Goodwill,Buildings And Improvements,Hedging Assets Current,Finished Goods,Work In Process,Raw Materials,Allowance For Doubtful Accounts Receivable,Gross Accounts Receivable,Effect Of Exchange Rate Changes,Short Term Debt Issuance,Change In Tax Payable,Change In Income Tax Payable,Unrealized Gain Loss On Investment Securities,Asset Impairment Charge,Depreciation,Operating Gains Losses,Gain Loss On Investment Securities,Earnings From Equity Interest,Preferred Stock,Other Payable,Construction In Progress,Taxes Receivable,Proceeds From Stock Option Exercised,Change In Accrued Expense,Amortization Cash Flow,Amortization Of Intangibles,Earnings From Equity Interest Net Of Tax,Other Operating Expenses,Treasury Stock,Additional Paid In Capital,Inventories Adjustments Allowances,Other Inventories,Short Term Debt Payments,Sale Of PPE,Otherunder Preferred Stock Dividend,Total Other Finance Cost,Dueto Related Parties Current,Prepaid Assets,Change In Prepaid Assets,Rent Expense Supplemental,Average Dilution Earnings,Minority Interests,Restructuring And Mergern Acquisition,Minority Interest,Preferred Securities Outside Stock Equity,Non Current Accrued Expenses,Long Term Provisions,Line Of Credit,Current Provisions,Interest Payable,Sale Of Business,Net Intangibles Purchase And Sale,Sale Of Intangibles,Purchase Of Intangibles,Net Foreign Currency Exchange Gain Loss,Gain Loss On Sale Of PPE,Preferred Stock Dividends,Other Special Charges,Salaries And Wages,Occupancy And Equipment,Professional Expense And Contract Services Expense,Other Non Interest Expense,Preferred Shares Number,Preferred Stock Equity,Held To Maturity Securities,Trading Securities,Cash Cash Equivalents And Federal Funds Sold,Net Preferred Stock Issuance,Preferred Stock Payments,Preferred Stock Issuance,Gain Loss On Sale Of Business,Net Income Discontinuous Operations,Impairment Of Capital Assets,Liabilities Heldfor Sale Non Current,Employee Benefits,Assets Held For Sale Current,Provisionand Write Offof Assets,Depreciation Amortization Depletion Income Statement,Depreciation And Amortization In Income Statement,Other Equity Interest,Foreign Currency Translation Adjustments,Minimum Pension Liabilities,Unrealized Gain Loss,Restricted Cash,Earnings Losses From Equity Investments,Other Cash Adjustment Outside Changein Cash,Pension And Employee Benefit Expense,Derivative Product Liabilities,Non Current Pension And Other Postretirement Benefit Plans,Capital Expenditure Reported,Gain On Sale Of Business,Non Current Accounts Receivable,Gain On Sale Of Ppe,Receivables Adjustments Allowances,Cash From Discontinued Financing Activities,Cash From Discontinued Investing Activities,Cash From Discontinued Operating Activities,Dividend Received Cfo,Non Current Prepaid Assets,Loans Receivable,Amortization Of Securities,Amortization,Amortization Of Intangibles Income Statement
2025-09-30,0.0,0.156,144748000000.0,112010000000.0,11698000000.0,220960000000.0,144748000000.0,133050000000.0,,,,112010000000.0,112010000000.0,283111000000.0,133050000000.0,15004697000.0,14948500000.0,7.46,7.49,112010000000.0,112010000000.0,112010000000.0,112010000000.0,112010000000.0,20719000000.0,132729000000.0,-321000000.0,-321000000.0,,,,133050000000.0,62151000000.0,34550000000.0,27601000000.0,195201000000.0,220960000000.0,416161000000.0,416161000000.0,,14773260000.0,14773260000.0,62723000000.0,98657000000.0,73733000000.0,172390000000.0,-17674000000.0,73733000000.0,,73733000000.0,152061000000.0,73733000000.0,73733000000.0,-5571000000.0,-5571000000.0,-14264000000.0,93568000000.0,93568000000.0,285508000000.0,119877000000.0,41549000000.0,,78328000000.0,,78328000000.0,165631000000.0,44452000000.0,9055000000.0,9055000000.0,20329000000.0,,20329000000.0,12350000000.0,7979000000.0,91795000000.0,8919000000.0,82876000000.0,13016000000.0,13016000000.0,69860000000.0,359241000000.0,211284000000.0,62950000000.0,20777000000.0,20777000000.0,77723000000.0,,77723000000.0,77723000000.0,49834000000.0,-76014000000.0,125848000000.0,15091000000.0,,83420000000.0,27337000000.0,0.0,147957000000.0,14585000000.0,5718000000.0,72957000000.0,33180000000.0,39777000000.0,54697000000.0,18763000000.0,35934000000.0,7667000000.0,28267000000.0,98767000000.0,-90711000000.0,-10932000000.0,4481000000.0,,-12715000000.0,,43369000000.0,35934000000.0,29943000000.0,5991000000.0,-120686000000.0,-120686000000.0,-6071000000.0,-15421000000.0,-15421000000.0,-90711000000.0,-90711000000.0,,-8483000000.0,-2032000000.0,-6451000000.0,-10932000000.0,4481000000.0,15195000000.0,15195000000.0,-1480000000.0,29390000000.0,53797000000.0,-24407000000.0,,,-12715000000.0,-12715000000.0,111482000000.0,111482000000.0,-25000000000.0,,-11076000000.0,-9197000000.0,902000000.0,902000000.0,902000000.0,1400000000.0,-7029000000.0,-6682000000.0,-89000000.0,12863000000.0,,,11698000000.0,11698000000.0,112010000000.0,AAPL,,,,,,,,,,,,,,,,,,,,,,,,,,,,,,,,,,,,,,,,,,,,,,,,,,,,,,,,,,,,,,,,,,,,,,,,,,,,,,,,,,,,,,,,,,,,,,,,,,,,,,,,,,,,,,,,,,,,,,,
2024-09-30,0.0,0.241,134661000000.0,93736000000.0,11445000000.0,210352000000.0,134661000000.0,123216000000.0,,,,93736000000.0,93736000000.0,267819000000.0,123216000000.0,15408095000.0,15343783000.0,6.08,6.11,93736000000.0,93736000000.0,93736000000.0,93736000000.0,93736000000.0,29749000000.0,123485000000.0,269000000.0,269000000.0,,,,123216000000.0,57467000000.0,31370000000.0,26097000000.0,180683000000.0,210352000000.0,391035000000.0,391035000000.0,,15116786000.0,15116786000.0,76686000000.0,106629000000.0,56950000000.0,163579000000.0,-23405000000.0,56950000000.0,,56950000000.0,142700000000.0,56950000000.0,56950000000.0,-7172000000.0,-7172000000.0,-19154000000.0,83276000000.0,83276000000.0,308030000000.0,131638000000.0,45888000000.0,9254000000.0,85750000000.0,,85750000000.0,176392000000.0,44024000000.0,8249000000.0,8249000000.0,20879000000.0,,20879000000.0,10912000000.0,9967000000.0,103240000000.0,,95561000000.0,26601000000.0,26601000000.0,68960000000.0,364980000000.0,211993000000.0,55335000000.0,19499000000.0,19499000000.0,91479000000.0,,91479000000.0,91479000000.0,45680000000.0,-73448000000.0,119128000000.0,14233000000.0,,80205000000.0,24690000000.0,0.0,152987000000.0,14287000000.0,7286000000.0,66243000000.0,32833000000.0,33410000000.0,65171000000.0,35228000000.0,29943000000.0,2744000000.0,27199000000.0,108807000000.0,-94949000000.0,-9958000000.0,0.0,,-9447000000.0,,26102000000.0,29943000000.0,30737000000.0,-794000000.0,-121983000000.0,-121983000000.0,-5802000000.0,-15234000000.0,-15234000000.0,-94949000000.0,-94949000000.0,,-5998000000.0,3960000000.0,-9958000000.0,-9958000000.0,0.0,2935000000.0,2935000000.0,-1308000000.0,13690000000.0,62346000000.0,-48656000000.0,,,-9447000000.0,-9447000000.0,118254000000.0,118254000000.0,3651000000.0,,15552000000.0,-11731000000.0,6020000000.0,6020000000.0,6020000000.0,-1046000000.0,-5144000000.0,-3788000000.0,-2266000000.0,11688000000.0,,,11445000000.0,11445000000.0,93736000000.0,AAPL,,,,,,,,,,,,,,,,,,,,,,,,,,,,,,,,,,,,,,,,,,,,,,,,,,,,,,,,,,,,,,,,,,,,,,,,,,,,,,,,,,,,,,,,,,,,,,,,,,,,,,,,,,,,,,,,,,,,,,,
2023-09-30,0.0,0.147,125820000000.0,96995000000.0,11519000000.0,214137000000.0,125820000000.0,114301000000.0,-183000000.0,3933000000.0,3750000000.0,96995000000.0,96995000000.0,268984000000.0,114301000000.0,15812547000.0,15744231000.0,6.13,6.16,96995000000.0,96995000000.0,96995000000.0,96995000000.0,96995000000.0,16741000000.0,113736000000.0,-565000000.0,-565000000.0,-183000000.0,3933000000.0,3750000000.0,114301000000.0,54847000000.0,29915000000.0,24932000000.0,169148000000.0,214137000000.0,383285000000.0,383285000000.0,0.0,15550061000.0,15550061000.0,81123000000.0,111088000000.0,62146000000.0,173234000000.0,-1742000000.0,62146000000.0,12842000000.0,62146000000.0,157427000000.0,62146000000.0,62146000000.0,-11452000000.0,-11452000000.0,-214000000.0,73812000000.0,73812000000.0,290437000000.0,145129000000.0,34391000000.0,15457000000.0,95281000000.0,11267000000.0,95281000000.0,145308000000.0,50010000000.0,8061000000.0,8061000000.0,15807000000.0,1575000000.0,15807000000.0,9822000000.0,5985000000.0,71430000000.0,,71430000000.0,8819000000.0,8819000000.0,62611000000.0,352583000000.0,209017000000.0,46906000000.0,17852000000.0,17852000000.0,100544000000.0,,100544000000.0,100544000000.0,43715000000.0,-70884000000.0,114599000000.0,12839000000.0,10661000000.0,78314000000.0,23446000000.0,0.0,143566000000.0,14695000000.0,6331000000.0,60985000000.0,31477000000.0,29508000000.0,61555000000.0,31590000000.0,29965000000.0,1606000000.0,28359000000.0,99584000000.0,-77550000000.0,-11151000000.0,5228000000.0,,-10959000000.0,3803000000.0,18679000000.0,30737000000.0,24977000000.0,5760000000.0,-108488000000.0,-108488000000.0,-6012000000.0,-15025000000.0,-15025000000.0,-77550000000.0,-77550000000.0,,-9901000000.0,-3978000000.0,-5923000000.0,-11151000000.0,5228000000.0,3705000000.0,3705000000.0,-1337000000.0,16001000000.0,45514000000.0,-29513000000.0,,,-10959000000.0,-10959000000.0,110543000000.0,110543000000.0,-6577000000.0,,3031000000.0,-5684000000.0,-1889000000.0,-1889000000.0,-1889000000.0,-1618000000.0,-417000000.0,-1688000000.0,-2227000000.0,10833000000.0,,,11519000000.0,11519000000.0,96995000000.0,AAPL,,,,,,,,,,,,,,,,,,,,,,,,,,,,,,,,,,,,,,,,,,,,,,,,,,,,,,,,,,,,,,,,,,,,,,,,,,,,,,,,,,,,,,,,,,,,,,,,,,,,,,,,,,,,,,,,,,,,,,,
2022-09-30,0.0,0.162,130541000000.0,99803000000.0,11104000000.0,223546000000.0,130541000000.0,119437000000.0,-106000000.0,2931000000.0,2825000000.0,99803000000.0,99803000000.0,274891000000.0,119437000000.0,16325819000.0,16215963000.0,6.11,6.15,99803000000.0,99803000000.0,99803000000.0,99803000000.0,99803000000.0,19300000000.0,119103000000.0,-334000000.0,-334000000.0,-106000000.0,2931000000.0,2825000000.0,119437000000.0,51345000000.0,26251000000.0,25094000000.0,170782000000.0,223546000000.0,394328000000.0,394328000000.0,,15943425000.0,15943425000.0,96423000000.0,132480000000.0,50672000000.0,170741000000.0,-18577000000.0,50672000000.0,12411000000.0,50672000000.0,149631000000.0,50672000000.0,50672000000.0,-11109000000.0,-11109000000.0,-3068000000.0,64849000000.0,64849000000.0,302083000000.0,148101000000.0,21737000000.0,16657000000.0,109707000000.0,10748000000.0,98959000000.0,153982000000.0,52630000000.0,7912000000.0,7912000000.0,22773000000.0,1663000000.0,21110000000.0,11128000000.0,9982000000.0,70667000000.0,,70667000000.0,6552000000.0,6552000000.0,64115000000.0,352755000000.0,217350000000.0,39053000000.0,15375000000.0,15375000000.0,120805000000.0,120805000000.0,120805000000.0,120805000000.0,42117000000.0,-72340000000.0,114457000000.0,11271000000.0,10417000000.0,81060000000.0,22126000000.0,0.0,135405000000.0,21223000000.0,4946000000.0,60932000000.0,32748000000.0,28184000000.0,48304000000.0,24658000000.0,23646000000.0,5100000000.0,18546000000.0,111443000000.0,-89402000000.0,-9543000000.0,5465000000.0,,-10708000000.0,2865000000.0,19573000000.0,24977000000.0,35929000000.0,-10952000000.0,-110749000000.0,-110749000000.0,-6383000000.0,-14841000000.0,-14841000000.0,-89402000000.0,-89402000000.0,,-123000000.0,3955000000.0,-4078000000.0,-9543000000.0,5465000000.0,-22354000000.0,-22354000000.0,-2086000000.0,-9560000000.0,67363000000.0,-76923000000.0,-306000000.0,-306000000.0,-10708000000.0,-10708000000.0,122151000000.0,122151000000.0,1200000000.0,478000000.0,6110000000.0,-6499000000.0,9448000000.0,9448000000.0,9448000000.0,1484000000.0,-9343000000.0,-1823000000.0,1006000000.0,9038000000.0,895000000.0,895000000.0,11104000000.0,11104000000.0,99803000000.0,AAPL,,,,,,,,,,,,,,,,,,,,,,,,,,,,,,,,,,,,,,,,,,,,,,,,,,,,,,,,,,,,,,,,,,,,,,,,,,,,,,,,,,,,,,,,,,,,,,,,,,,,,,,,,,,,,,,,,,,,,,,
2021-09-30,,,,,,,,,198000000.0,2645000000.0,2843000000.0,,,,,,,,,,,,,,,,,,198000000.0,2645000000.0,2843000000.0,,,,,,,,,,,,,,,,,,11803000000.0,,,,,,,,,,,,,24689000000.0,,10275000000.0,,,,,,,1528000000.0,,,,,,,,,,,,,,,,127877000000.0,,,,,,,10087000000.0,,,,,,,,,,,,,,,,,,,1105000000.0,,2687000000.0,,,,,,,,,,,,1105000000.0,,,,,,,,,,,,-33000000.0,-33000000.0,,,,,,1676000000.0,,,,,,,,,,,-4774000000.0,-4774000000.0,,,,AAPL,,,,,,,,,,,,,,,,,,,,,,,,,,,,,,,,,,,,,,,,,,,,,,,,,,,,,,,,,,,,,,,,,,,,,,,,,,,,,,,,,,,,,,,,,,,,,,,,,,,,,,,,,,,,,,,,,,,,,,,
2025-06-30,-77088000.0,0.176,160603000000.0,101832000000.0,34153000000.0,87831000000.0,160165000000.0,126012000000.0,262000000.0,2385000000.0,2647000000.0,102192912000.0,101832000000.0,153196000000.0,128528000000.0,7465000000.0,7433000000.0,13.64,13.7,101832000000.0,101832000000.0,101832000000.0,101832000000.0,101832000000.0,21795000000.0,123627000000.0,-5163000000.0,-4725000000.0,262000000.0,2385000000.0,2647000000.0,128528000000.0,65365000000.0,32488000000.0,32877000000.0,193893000000.0,87831000000.0,281724000000.0,281724000000.0,,7434000000.0,7434000000.0,12909000000.0,60588000000.0,201366000000.0,386630000000.0,49913000000.0,201366000000.0,17437000000.0,343479000000.0,383631000000.0,343479000000.0,343479000000.0,-3347000000.0,-3347000000.0,237731000000.0,109095000000.0,109095000000.0,275524000000.0,134306000000.0,45186000000.0,25986000000.0,57589000000.0,17437000000.0,40152000000.0,141218000000.0,25020000000.0,64555000000.0,64555000000.0,2999000000.0,,2999000000.0,2999000000.0,0.0,34935000000.0,,34935000000.0,7211000000.0,7211000000.0,27724000000.0,619003000000.0,427872000000.0,40565000000.0,,,15133000000.0,,2460000000.0,2460000000.0,229789000000.0,-93653000000.0,323442000000.0,12117000000.0,24823000000.0,139243000000.0,9338000000.0,0.0,191131000000.0,25723000000.0,938000000.0,69905000000.0,,69905000000.0,94555000000.0,64313000000.0,30242000000.0,18531000000.0,11711000000.0,71611000000.0,-18420000000.0,-3216000000.0,0.0,2056000000.0,-64551000000.0,,,30242000000.0,18315000000.0,11864000000.0,-51699000000.0,-51699000000.0,-2291000000.0,-24082000000.0,-24082000000.0,-16364000000.0,-18420000000.0,2056000000.0,-8962000000.0,-5746000000.0,-3216000000.0,-3216000000.0,0.0,-72599000000.0,-72599000000.0,2317000000.0,-4387000000.0,25388000000.0,-29775000000.0,-5978000000.0,-5978000000.0,-64551000000.0,-64551000000.0,136162000000.0,136162000000.0,-5350000000.0,5400000000.0,4947000000.0,-5994000000.0,569000000.0,569000000.0,569000000.0,309000000.0,-10581000000.0,-10581000000.0,,11974000000.0,-7056000000.0,-7056000000.0,34153000000.0,34153000000.0,101832000000.0,MSFT,-438000000.0,-438000000.0,-943000000.0,943000000.0,505000000.0,25654000000.0,7223000000.0,7223000000.0,5545000000.0,2710000000.0,2835000000.0,13709000000.0,272000000.0,12673000000.0,142113000000.0,22604000000.0,119509000000.0,137921000000.0,10000000.0,,,,-944000000.0,70849000000.0,63000000.0,,,,-536000000.0,943000000.0,34153000000.0,202000000.0,202000000.0,,,,,,,,,,,,,,,,,,,,,,,,,,,,,,,,,,,,,,,,,,,,,,,,,,,,,,,,,,,,,,,,,,,,,,,,,,,,,,,,,,,,,,
2024-06-30,-99918000.0,0.182,133558000000.0,88136000000.0,22287000000.0,74114000000.0,133009000000.0,110722000000.0,222000000.0,2935000000.0,3157000000.0,88585082000.0,88136000000.0,135689000000.0,109433000000.0,7469000000.0,7431000000.0,11.8,11.86,88136000000.0,88136000000.0,88136000000.0,88136000000.0,88136000000.0,19651000000.0,107787000000.0,-1868000000.0,-1319000000.0,222000000.0,2935000000.0,3157000000.0,109433000000.0,61575000000.0,29510000000.0,32065000000.0,171008000000.0,74114000000.0,245122000000.0,245122000000.0,,7434138859.0,7434138859.0,33315000000.0,67127000000.0,121660000000.0,320107000000.0,34448000000.0,121660000000.0,15497000000.0,268477000000.0,311165000000.0,268477000000.0,268477000000.0,-5590000000.0,-5590000000.0,173144000000.0,100923000000.0,100923000000.0,243686000000.0,118400000000.0,27064000000.0,27931000000.0,58185000000.0,15497000000.0,42688000000.0,125286000000.0,19185000000.0,57582000000.0,57582000000.0,8942000000.0,,8942000000.0,2249000000.0,6693000000.0,27013000000.0,,27013000000.0,5017000000.0,5017000000.0,21996000000.0,512163000000.0,352429000000.0,36460000000.0,,,14600000000.0,,1500000000.0,1500000000.0,154552000000.0,-76421000000.0,230973000000.0,9594000000.0,18961000000.0,100312000000.0,8163000000.0,0.0,159734000000.0,26021000000.0,1246000000.0,56924000000.0,,56924000000.0,75531000000.0,57216000000.0,18315000000.0,6744000000.0,11571000000.0,74071000000.0,-17254000000.0,-29070000000.0,24395000000.0,2002000000.0,-44477000000.0,,,18315000000.0,34704000000.0,-16179000000.0,-37757000000.0,-37757000000.0,-1309000000.0,-21771000000.0,-21771000000.0,-15252000000.0,-17254000000.0,2002000000.0,575000000.0,5250000000.0,-4675000000.0,-29070000000.0,24395000000.0,-96970000000.0,-96970000000.0,-1298000000.0,17937000000.0,35669000000.0,-17732000000.0,-69132000000.0,-69132000000.0,-44477000000.0,-44477000000.0,118548000000.0,118548000000.0,1824000000.0,7035000000.0,5616000000.0,-8465000000.0,3545000000.0,3545000000.0,3545000000.0,1284000000.0,-7191000000.0,-7191000000.0,,10734000000.0,-4738000000.0,-4738000000.0,22287000000.0,22287000000.0,88136000000.0,MSFT,-549000000.0,-549000000.0,-206000000.0,206000000.0,-343000000.0,24456000000.0,7609000000.0,7609000000.0,5220000000.0,2602000000.0,2618000000.0,12564000000.0,0.0,13100000000.0,146817000000.0,27597000000.0,119220000000.0,93943000000.0,12000000.0,845000000.0,7000000.0,394000000.0,-830000000.0,57754000000.0,-210000000.0,5250000000.0,1687000000.0,1687000000.0,-146000000.0,206000000.0,22287000000.0,245000000.0,245000000.0,,,,,,,,,,,,,,,,,,,,,,,,,,,,,,,,,,,,,,,,,,,,,,,,,,,,,,,,,,,,,,,,,,,,,,,,,,,,,,,,,,,,,,
2023-06-30,-2850000.0,0.19,105155000000.0,72361000000.0,13861000000.0,65863000000.0,105140000000.0,91279000000.0,1026000000.0,1968000000.0,2994000000.0,72373150000.0,72361000000.0,123392000000.0,88523000000.0,7472000000.0,7446000000.0,9.68,9.72,72361000000.0,72361000000.0,72361000000.0,72361000000.0,72361000000.0,16950000000.0,89311000000.0,-238000000.0,-223000000.0,1026000000.0,1968000000.0,2994000000.0,88523000000.0,57529000000.0,27195000000.0,30334000000.0,146052000000.0,65863000000.0,211915000000.0,211915000000.0,,7432000000.0,7432000000.0,12533000000.0,59965000000.0,128971000000.0,253460000000.0,80108000000.0,128971000000.0,12728000000.0,206223000000.0,248213000000.0,206223000000.0,206223000000.0,-6343000000.0,-6343000000.0,118848000000.0,93718000000.0,93718000000.0,205753000000.0,101604000000.0,17981000000.0,25560000000.0,54718000000.0,12728000000.0,41990000000.0,104149000000.0,14745000000.0,50901000000.0,50901000000.0,5247000000.0,,5247000000.0,5247000000.0,0.0,22247000000.0,,22247000000.0,4152000000.0,4152000000.0,18095000000.0,411976000000.0,227719000000.0,30601000000.0,,,9879000000.0,,0.0,,109987000000.0,-68251000000.0,178238000000.0,8537000000.0,14346000000.0,81207000000.0,5683000000.0,0.0,184257000000.0,21807000000.0,2500000000.0,48688000000.0,,48688000000.0,111256000000.0,76552000000.0,34704000000.0,26226000000.0,8478000000.0,59475000000.0,-22245000000.0,-2750000000.0,0.0,1866000000.0,-28107000000.0,,,34704000000.0,13931000000.0,20967000000.0,-43935000000.0,-43935000000.0,-1006000000.0,-19800000000.0,-19800000000.0,-20379000000.0,-22245000000.0,1866000000.0,-2750000000.0,0.0,-2750000000.0,-2750000000.0,0.0,-22680000000.0,-22680000000.0,-3116000000.0,10213000000.0,47864000000.0,-37651000000.0,-1670000000.0,-1670000000.0,-28107000000.0,-28107000000.0,87582000000.0,87582000000.0,-2388000000.0,5177000000.0,2825000000.0,-4824000000.0,-2721000000.0,-2721000000.0,-2721000000.0,1242000000.0,-4087000000.0,-4087000000.0,,9611000000.0,-6059000000.0,-6059000000.0,13861000000.0,13861000000.0,72361000000.0,MSFT,-15000000.0,-15000000.0,-30000000.0,30000000.0,15000000.0,22759000000.0,7575000000.0,7575000000.0,3345000000.0,2912000000.0,433000000.0,11009000000.0,0.0,9879000000.0,77252000000.0,9366000000.0,67886000000.0,68465000000.0,6000000.0,1768000000.0,23000000.0,709000000.0,-650000000.0,49338000000.0,-194000000.0,0.0,-358000000.0,-358000000.0,-303000000.0,30000000.0,13861000000.0,469000000.0,469000000.0,,,,,,,,,,,,,,,,,,,,,,,,,,,,,,,,,,,,,,,,,,,,,,,,,,,,,,,,,,,,,,,,,,,,,,,,,,,,,,,,,,,,,,
2022-06-30,43754000.0,0.131,99905000000.0,72738000000.0,14460000000.0,62650000000.0,100239000000.0,85779000000.0,31000000.0,2063000000.0,2094000000.0,72447754000.0,72738000000.0,114887000000.0,83383000000.0,7540000000.0,7496000000.0,9.65,9.7,72738000000.0,72738000000.0,72738000000.0,72738000000.0,72738000000.0,10978000000.0,83716000000.0,302000000.0,-32000000.0,31000000.0,2063000000.0,2094000000.0,83383000000.0,52237000000.0,24512000000.0,27725000000.0,135620000000.0,62650000000.0,198270000000.0,198270000000.0,,7464000000.0,7464000000.0,35850000000.0,61270000000.0,87720000000.0,216323000000.0,74602000000.0,87720000000.0,11489000000.0,166542000000.0,213574000000.0,166542000000.0,166542000000.0,-4678000000.0,-4678000000.0,84281000000.0,86939000000.0,86939000000.0,198298000000.0,103216000000.0,15526000000.0,26069000000.0,58521000000.0,11489000000.0,47032000000.0,95082000000.0,13067000000.0,45538000000.0,45538000000.0,2749000000.0,,2749000000.0,,,23067000000.0,,23067000000.0,4067000000.0,4067000000.0,19000000000.0,364840000000.0,195156000000.0,21897000000.0,,,6891000000.0,,0.0,,87546000000.0,-59660000000.0,147206000000.0,7819000000.0,13148000000.0,66491000000.0,4734000000.0,0.0,169684000000.0,16924000000.0,3742000000.0,44261000000.0,,44261000000.0,104749000000.0,90818000000.0,13931000000.0,5673000000.0,8258000000.0,65149000000.0,-32696000000.0,-9023000000.0,0.0,1841000000.0,-23886000000.0,,,13931000000.0,14224000000.0,-152000000.0,-58876000000.0,-58876000000.0,-863000000.0,-18135000000.0,-18135000000.0,-30855000000.0,-32696000000.0,1841000000.0,-9023000000.0,0.0,-9023000000.0,-9023000000.0,0.0,-30311000000.0,-30311000000.0,-2825000000.0,18438000000.0,44894000000.0,-26456000000.0,-22038000000.0,-22038000000.0,-23886000000.0,-23886000000.0,89035000000.0,89035000000.0,446000000.0,5805000000.0,3169000000.0,-3514000000.0,2943000000.0,2943000000.0,2943000000.0,-1123000000.0,-6834000000.0,-6834000000.0,,7502000000.0,-5702000000.0,-5702000000.0,14460000000.0,14460000000.0,72738000000.0,MSFT,334000000.0,334000000.0,-101000000.0,101000000.0,435000000.0,21825000000.0,5900000000.0,5900000000.0,3100000000.0,2870000000.0,230000000.0,10661000000.0,0.0,6891000000.0,78822000000.0,11298000000.0,67524000000.0,55014000000.0,8000000.0,2516000000.0,82000000.0,1144000000.0,-633000000.0,44894000000.0,-141000000.0,0.0,696000000.0,696000000.0,-509000000.0,101000000.0,14460000000.0,-1000000.0,-1000000.0,,,,,,,,,,,,,,,,,,,,,,,,,,,,,,,,,,,,,,,,,,,,,,,,,,,,,,,,,,,,,,,,,,,,,,,,,,,,,,,,,,,,,,
2024-12-31,340136000.0,0.164,133320000000.0,100118000000.0,15311000000.0,146306000000.0,135394000000.0,120083000000.0,4214000000.0,268000000.0,4482000000.0,98384136000.0,100118000000.0,237628000000.0,112390000000.0,12447000000.0,12319000000.0,8.04,8.13,100118000000.0,100118000000.0,100118000000.0,100118000000.0,100118000000.0,19697000000.0,119815000000.0,3211000000.0,1137000000.0,4214000000.0,268000000.0,4482000000.0,112390000000.0,91322000000.0,49326000000.0,41996000000.0,203712000000.0,146306000000.0,350018000000.0,350018000000.0,,12211000000.0,12211000000.0,,25461000000.0,293199000000.0,335967000000.0,74589000000.0,293199000000.0,14578000000.0,325084000000.0,335967000000.0,325084000000.0,325084000000.0,-4800000000.0,-4800000000.0,245084000000.0,84800000000.0,84800000000.0,125172000000.0,36050000000.0,4694000000.0,8782000000.0,22574000000.0,11691000000.0,10883000000.0,89122000000.0,6322000000.0,5036000000.0,5036000000.0,2887000000.0,2887000000.0,,,,59808000000.0,48916000000.0,10892000000.0,2905000000.0,2905000000.0,7987000000.0,450256000000.0,286545000000.0,14874000000.0,17180000000.0,17180000000.0,37982000000.0,,37982000000.0,37982000000.0,184624000000.0,-79390000000.0,264014000000.0,,220300000000.0,,,0.0,163711000000.0,15714000000.0,,52340000000.0,,52340000000.0,95657000000.0,72191000000.0,23466000000.0,,,72764000000.0,-62222000000.0,-12701000000.0,13589000000.0,,-52535000000.0,,,23466000000.0,24048000000.0,30000000.0,-79733000000.0,-79733000000.0,1154000000.0,-7363000000.0,-7363000000.0,-62222000000.0,-62222000000.0,,888000000.0,,888000000.0,-12701000000.0,13589000000.0,-45536000000.0,-45536000000.0,-2667000000.0,12597000000.0,104310000000.0,-91713000000.0,-2931000000.0,-2931000000.0,-52535000000.0,-52535000000.0,125299000000.0,125299000000.0,-8406000000.0,-1375000000.0,,-1397000000.0,257000000.0,359000000.0,359000000.0,,-5891000000.0,-5891000000.0,3419000000.0,22785000000.0,-5257000000.0,-5257000000.0,15311000000.0,15311000000.0,100118000000.0,GOOGL,2074000000.0,2074000000.0,-188000000.0,188000000.0,2262000000.0,27808000000.0,14188000000.0,14188000000.0,,,,15069000000.0,,,31885000000.0,,31885000000.0,43714000000.0,,,,,-879000000.0,53219000000.0,-612000000.0,,,,,,15311000000.0,-2671000000.0,-2671000000.0,-188000000.0,0.0,,,,-12190000000.0,-102000000.0,,,,,,,,,,,,,,,,,,,,,,,,,,,,,,,,,,,,,,,,,,,,,,,,,,,,,,,,,,,,,,,,,,,,,,,,,,,,,,,
2023-12-31,-373771000.0,0.139,100660000000.0,73795000000.0,11946000000.0,133332000000.0,97971000000.0,86025000000.0,3557000000.0,308000000.0,3865000000.0,76110229000.0,73795000000.0,223101000000.0,84293000000.0,12722000000.0,12630000000.0,5.8,5.84,73795000000.0,73795000000.0,73795000000.0,73795000000.0,73795000000.0,11922000000.0,85717000000.0,-2133000000.0,556000000.0,3557000000.0,308000000.0,3865000000.0,84293000000.0,89769000000.0,45427000000.0,44342000000.0,174062000000.0,133332000000.0,307394000000.0,307394000000.0,0.0,12460000000.0,12460000000.0,,27121000000.0,254181000000.0,295249000000.0,89716000000.0,254181000000.0,15251000000.0,283379000000.0,295249000000.0,283379000000.0,283379000000.0,-4402000000.0,-4402000000.0,211247000000.0,76534000000.0,76534000000.0,119013000000.0,37199000000.0,4395000000.0,8474000000.0,24330000000.0,12460000000.0,11870000000.0,81814000000.0,9525000000.0,4137000000.0,4137000000.0,2791000000.0,2791000000.0,,,,50221000000.0,39980000000.0,10241000000.0,2748000000.0,2748000000.0,7493000000.0,402392000000.0,230862000000.0,10051000000.0,12169000000.0,12169000000.0,31008000000.0,,31008000000.0,31008000000.0,148436000000.0,-67458000000.0,215894000000.0,11425000000.0,175459000000.0,472000000.0,74083000000.0,0.0,171530000000.0,12650000000.0,,47964000000.0,,47964000000.0,110916000000.0,86868000000.0,24048000000.0,,,69495000000.0,-61504000000.0,-11550000000.0,10790000000.0,,-32251000000.0,,19164000000.0,24048000000.0,21879000000.0,2590000000.0,-72093000000.0,-72093000000.0,8000000.0,0.0,0.0,-61504000000.0,-61504000000.0,,-760000000.0,,-760000000.0,-11550000000.0,10790000000.0,-27063000000.0,-27063000000.0,-1051000000.0,6734000000.0,87619000000.0,-80885000000.0,-495000000.0,-495000000.0,-32251000000.0,-32251000000.0,101746000000.0,101746000000.0,-3845000000.0,1048000000.0,,-2143000000.0,5083000000.0,664000000.0,664000000.0,,-7833000000.0,-7833000000.0,4330000000.0,22460000000.0,-7763000000.0,-7763000000.0,11946000000.0,11946000000.0,73795000000.0,GOOGL,-2689000000.0,-2689000000.0,-628000000.0,628000000.0,-2061000000.0,27917000000.0,16425000000.0,16425000000.0,1396000000.0,911000000.0,485000000.0,15140000000.0,,,29198000000.0,,29198000000.0,40435000000.0,,,,,-771000000.0,48735000000.0,-421000000.0,,,,,,11946000000.0,823000000.0,823000000.0,-628000000.0,0.0,,35229000000.0,,-9837000000.0,4419000000.0,,,,,,,,,,,,,,,,,,,,,,,,,,,,,,,,,,,,,,,,,,,,,,,,,,,,,,,,,,,,,,,,,,,,,,,,,,,,,,,
2022-12-31,-1035090000.0,0.159,91670000000.0,59972000000.0,13475000000.0,126203000000.0,85160000000.0,71685000000.0,1817000000.0,357000000.0,2174000000.0,65446910000.0,59972000000.0,207994000000.0,74842000000.0,13159000000.0,13063000000.0,4.56,4.59,59972000000.0,59972000000.0,59972000000.0,59972000000.0,59972000000.0,11356000000.0,71328000000.0,-5331000000.0,1179000000.0,1817000000.0,357000000.0,2174000000.0,74842000000.0,81791000000.0,39500000000.0,42291000000.0,156633000000.0,126203000000.0,282836000000.0,282836000000.0,,12849000000.0,12849000000.0,,29679000000.0,227184000000.0,269001000000.0,95495000000.0,227184000000.0,16822000000.0,256144000000.0,269001000000.0,256144000000.0,256144000000.0,-7603000000.0,-7603000000.0,195563000000.0,68184000000.0,68184000000.0,109120000000.0,39820000000.0,2247000000.0,9258000000.0,27202000000.0,14345000000.0,12857000000.0,69300000000.0,9106000000.0,3908000000.0,3908000000.0,2477000000.0,2477000000.0,,,,39781000000.0,33021000000.0,6760000000.0,1632000000.0,1632000000.0,5128000000.0,365264000000.0,200469000000.0,8707000000.0,5261000000.0,5261000000.0,30492000000.0,,30492000000.0,30492000000.0,127049000000.0,-59042000000.0,186091000000.0,10575000000.0,80648000000.0,314000000.0,66897000000.0,0.0,164795000000.0,10775000000.0,2670000000.0,40258000000.0,,40258000000.0,113762000000.0,91883000000.0,21879000000.0,,,60010000000.0,-59296000000.0,-54068000000.0,52872000000.0,,-31485000000.0,,18892000000.0,21879000000.0,20945000000.0,1440000000.0,-69757000000.0,-69757000000.0,35000000.0,0.0,0.0,-59296000000.0,-59296000000.0,,-1196000000.0,,-1196000000.0,-54068000000.0,52872000000.0,-20298000000.0,-20298000000.0,1589000000.0,16567000000.0,97972000000.0,-81405000000.0,-6969000000.0,-6969000000.0,-31485000000.0,-31485000000.0,91495000000.0,91495000000.0,-2235000000.0,951000000.0,,-5046000000.0,4177000000.0,707000000.0,707000000.0,,-2317000000.0,-2317000000.0,3483000000.0,19362000000.0,-8081000000.0,-8081000000.0,13475000000.0,13475000000.0,59972000000.0,GOOGL,-6510000000.0,-6510000000.0,-337000000.0,337000000.0,-6173000000.0,26567000000.0,15724000000.0,15724000000.0,1113000000.0,599000000.0,514000000.0,14028000000.0,,,28960000000.0,2084000000.0,28960000000.0,,,,,,-754000000.0,41012000000.0,-506000000.0,,,,,,13475000000.0,5519000000.0,5519000000.0,-337000000.0,0.0,,27657000000.0,,-9300000000.0,3470000000.0,641000000.0,641000000.0,,,,,,,,,,,,,,,,,,,,,,,,,,,,,,,,,,,,,,,,,,,,,,,,,,,,,,,,,,,,,,,,,,,,,,,,,,,,,
2021-12-31,2002968000.0,0.162,91157000000.0,76033000000.0,12441000000.0,110939000000.0,103521000000.0,91080000000.0,1153000000.0,346000000.0,1499000000.0,65671968000.0,76033000000.0,178923000000.0,78714000000.0,13553480000.0,13353000000.0,5.61,5.694,76033000000.0,76033000000.0,76033000000.0,76033000000.0,76033000000.0,14701000000.0,90734000000.0,10867000000.0,-1497000000.0,1153000000.0,346000000.0,1499000000.0,78714000000.0,67984000000.0,31562000000.0,36422000000.0,146698000000.0,110939000000.0,257637000000.0,257637000000.0,,13242420000.0,13242420000.0,,28395000000.0,227262000000.0,264479000000.0,123889000000.0,227262000000.0,15551000000.0,251635000000.0,264479000000.0,251635000000.0,251635000000.0,-1623000000.0,-1623000000.0,191484000000.0,61774000000.0,61774000000.0,107633000000.0,43379000000.0,2205000000.0,9176000000.0,26206000000.0,13362000000.0,12844000000.0,64254000000.0,9799000000.0,3288000000.0,3288000000.0,2189000000.0,2189000000.0,,,,35089000000.0,29052000000.0,6037000000.0,808000000.0,808000000.0,6037000000.0,359268000000.0,171125000000.0,5361000000.0,1284000000.0,1284000000.0,29549000000.0,,29549000000.0,29549000000.0,110558000000.0,-49414000000.0,159972000000.0,9146000000.0,68565000000.0,208000000.0,58881000000.0,0.0,188143000000.0,8020000000.0,1170000000.0,39304000000.0,,39304000000.0,139649000000.0,118704000000.0,20945000000.0,,,67012000000.0,-50274000000.0,-21435000000.0,20199000000.0,,-24640000000.0,,13412000000.0,20945000000.0,26465000000.0,-5233000000.0,-61362000000.0,-61362000000.0,310000000.0,,,-50274000000.0,-50274000000.0,,-1236000000.0,,-1236000000.0,-21435000000.0,20199000000.0,-35523000000.0,-35523000000.0,541000000.0,-8806000000.0,129228000000.0,-138034000000.0,-2618000000.0,-2618000000.0,-24640000000.0,-24640000000.0,91652000000.0,91652000000.0,-1523000000.0,149000000.0,,-1846000000.0,9269000000.0,283000000.0,283000000.0,,-9095000000.0,-9095000000.0,-213000000.0,15376000000.0,1808000000.0,1808000000.0,12441000000.0,12441000000.0,76033000000.0,GOOGL,12364000000.0,12364000000.0,334000000.0,-334000000.0,12030000000.0,22912000000.0,13510000000.0,13510000000.0,5792000000.0,535000000.0,5257000000.0,13889000000.0,,,24373000000.0,1417000000.0,22956000000.0,,,,,,-550000000.0,39854000000.0,-287000000.0,,,,,,11555000000.0,-12270000000.0,-12270000000.0,334000000.0,0.0,397000000.0,23172000000.0,966000000.0,-10162000000.0,8986000000.0,886000000.0,886000000.0,,,,,,,,,,,,,,,,,,,,,,,,,,,,,,,,,,,,,,,,,,,,,,,,,,,,,,,,,,,,,,,,,,,,,,,,,,,,,
2024-12-31,-246971244.935436,0.135031,125644000000.0,59248000000.0,52795000000.0,326288000000.0,123815000000.0,71020000000.0,2271000000.0,2406000000.0,4677000000.0,60830028755.06457,59248000000.0,569366000000.0,68593000000.0,10721000000.0,10473000000.0,5.53,5.66,59248000000.0,59248000000.0,59248000000.0,59248000000.0,59248000000.0,9265000000.0,68614000000.0,-2250000000.0,-421000000.0,2271000000.0,2406000000.0,4677000000.0,68593000000.0,243078000000.0,,55266000000.0,311671000000.0,326288000000.0,637959000000.0,637959000000.0,515000000.0,10593000000.0,11108000000.0,,130900000000.0,254294000000.0,338593000000.0,11436000000.0,254294000000.0,78277000000.0,285970000000.0,338593000000.0,285970000000.0,285970000000.0,-34000000.0,-34000000.0,172866000000.0,111000000.0,111000000.0,338924000000.0,159493000000.0,28593000000.0,,130900000000.0,78277000000.0,52623000000.0,179431000000.0,,18103000000.0,18103000000.0,,,,,,161328000000.0,66965000000.0,94363000000.0,,,94363000000.0,624894000000.0,434027000000.0,73545000000.0,,,,,,,328806000000.0,-141390000000.0,470196000000.0,,300521000000.0,,,123039000000.0,190867000000.0,,34214000000.0,55451000000.0,,55451000000.0,101202000000.0,22423000000.0,78779000000.0,,,32878000000.0,0.0,-16954000000.0,5142000000.0,,-82999000000.0,2364000000.0,12308000000.0,82312000000.0,73890000000.0,9723000000.0,-11812000000.0,-11812000000.0,,,,0.0,0.0,,-11812000000.0,82000000.0,-11894000000.0,-11894000000.0,0.0,-94342000000.0,-94342000000.0,,-9602000000.0,16403000000.0,-26005000000.0,-7082000000.0,-7082000000.0,-77658000000.0,-82999000000.0,115877000000.0,115877000000.0,-15541000000.0,4007000000.0,,-14483000000.0,68000000.0,2972000000.0,2972000000.0,-1884000000.0,-3249000000.0,-3249000000.0,2012000000.0,22011000000.0,-4648000000.0,-4648000000.0,52795000000.0,52795000000.0,59248000000.0,AMZN,-1829000000.0,-1829000000.0,,,-1829000000.0,43907000000.0,11359000000.0,11359000000.0,,,,,,,31676000000.0,8602000000.0,23074000000.0,,,,,,-2000000000.0,57451000000.0,-1301000000.0,5142000000.0,,,,,,,,,0.0,,46636000000.0,,,-2904000000.0,,,-101000000.0,187812000000.0,7837000000.0,120864000000.0,-3000000000.0,37214000000.0,-5060000000.0,5341000000.0,,,,,,,,,,,,,,,,,,,,,,,,,,,,,,,,,,,,,,,,,,,,,,,,,,,,,,,,,,,,,,,,,,,,,
2023-12-31,211380035.679101,0.189579,88287000000.0,30425000000.0,48663000000.0,304739000000.0,89402000000.0,40739000000.0,-233000000.0,3182000000.0,2949000000.0,29521380035.6791,30425000000.0,537933000000.0,36852000000.0,10492000000.0,10304000000.0,2.9,2.95,30425000000.0,30425000000.0,30425000000.0,30425000000.0,30425000000.0,7120000000.0,37557000000.0,938000000.0,-177000000.0,-233000000.0,3182000000.0,2949000000.0,36852000000.0,233194000000.0,,56186000000.0,270046000000.0,304739000000.0,574785000000.0,574785000000.0,515000000.0,10383000000.0,10898000000.0,,135611000000.0,171399000000.0,260189000000.0,7434000000.0,171399000000.0,77297000000.0,201875000000.0,260189000000.0,201875000000.0,201875000000.0,-3040000000.0,-3040000000.0,113618000000.0,109000000.0,109000000.0,325979000000.0,161062000000.0,25451000000.0,,135611000000.0,77297000000.0,58314000000.0,164917000000.0,,15227000000.0,15227000000.0,,,,,,149690000000.0,64709000000.0,84981000000.0,,,84981000000.0,527854000000.0,355503000000.0,48337000000.0,,,,,,,276690000000.0,-120111000000.0,396801000000.0,,262668000000.0,,105293000000.0,105293000000.0,172351000000.0,,33318000000.0,52253000000.0,,52253000000.0,86780000000.0,13393000000.0,73387000000.0,,,32217000000.0,0.0,-34008000000.0,18129000000.0,,-52729000000.0,3112000000.0,11179000000.0,73890000000.0,54253000000.0,19234000000.0,-15879000000.0,-15879000000.0,-271000000.0,,,0.0,0.0,,-15879000000.0,-7548000000.0,-8331000000.0,-8331000000.0,0.0,-49833000000.0,-49833000000.0,,4139000000.0,5627000000.0,-1488000000.0,-5839000000.0,-5839000000.0,-48133000000.0,-52729000000.0,84946000000.0,84946000000.0,-11541000000.0,4578000000.0,,-12265000000.0,3045000000.0,5473000000.0,5473000000.0,1449000000.0,-8348000000.0,-8348000000.0,-748000000.0,24023000000.0,-5876000000.0,-5876000000.0,48663000000.0,48663000000.0,30425000000.0,AMZN,1115000000.0,1115000000.0,,,1115000000.0,44370000000.0,11816000000.0,11816000000.0,,,,,,,30476000000.0,7687000000.0,22789000000.0,,,,,,-1700000000.0,53953000000.0,403000000.0,18129000000.0,,,,,,,,,0.0,,28840000000.0,,,-2428000000.0,,,-12000000.0,177008000000.0,7837000000.0,99025000000.0,-3000000000.0,36318000000.0,-25677000000.0,4596000000.0,,,,,,,,,,,,,,,,,,,,,,,,,,,,,,,,,,,,,,,,,,,,,,,,,,,,,,,,,,,,,,,,,,,,,
2022-12-31,-3415860000.0,0.21,54618000000.0,-2722000000.0,41921000000.0,288831000000.0,38352000000.0,-3569000000.0,-1378000000.0,2367000000.0,989000000.0,10128140000.0,-2722000000.0,501735000000.0,12248000000.0,10189000000.0,10189000000.0,-0.27,-0.27,-2722000000.0,-2722000000.0,-2722000000.0,-2722000000.0,-2722000000.0,-3217000000.0,-5936000000.0,-16806000000.0,-540000000.0,-1378000000.0,2367000000.0,989000000.0,12248000000.0,212904000000.0,,54129000000.0,225152000000.0,288831000000.0,513983000000.0,513983000000.0,515000000.0,10242000000.0,10757000000.0,13262000000.0,140118000000.0,119658000000.0,213193000000.0,-8602000000.0,119658000000.0,72968000000.0,146043000000.0,213193000000.0,146043000000.0,146043000000.0,-4487000000.0,-4487000000.0,83193000000.0,108000000.0,108000000.0,316632000000.0,161239000000.0,21121000000.0,,140118000000.0,72968000000.0,67150000000.0,155393000000.0,,13227000000.0,13227000000.0,,,,,,142166000000.0,62566000000.0,79600000000.0,,,79600000000.0,462675000000.0,315884000000.0,36661000000.0,,,,,,,252838000000.0,-97015000000.0,349853000000.0,,228183000000.0,,91650000000.0,91650000000.0,146791000000.0,,34405000000.0,42360000000.0,,42360000000.0,70026000000.0,16138000000.0,53888000000.0,,,-16893000000.0,-6000000000.0,-47001000000.0,62719000000.0,,-63645000000.0,2142000000.0,6035000000.0,54253000000.0,36477000000.0,18869000000.0,9718000000.0,9718000000.0,-248000000.0,,,-6000000000.0,-6000000000.0,,15718000000.0,3999000000.0,11719000000.0,-9447000000.0,21166000000.0,-37601000000.0,-37601000000.0,,29036000000.0,31601000000.0,-2565000000.0,-8316000000.0,-8316000000.0,-58321000000.0,-63645000000.0,46752000000.0,46752000000.0,-20886000000.0,2216000000.0,,-13275000000.0,1387000000.0,2945000000.0,2945000000.0,-2592000000.0,-8622000000.0,-8622000000.0,16966000000.0,19621000000.0,-8148000000.0,-8148000000.0,41921000000.0,41921000000.0,-2722000000.0,AMZN,-16266000000.0,-16266000000.0,,,-16266000000.0,42238000000.0,11891000000.0,11891000000.0,,,,,,,26385000000.0,6097000000.0,20288000000.0,,,,,,-1400000000.0,43760000000.0,-1093000000.0,41553000000.0,,,,,,,,,0.0,,30020000000.0,,,-1558000000.0,,,-3000000.0,158775000000.0,7837000000.0,75066000000.0,-2800000000.0,37205000000.0,-37554000000.0,5324000000.0,,,,,,,,,,,,,,,,,,,,,,,,,,,,,,,,,,,,,,,,,,,,,,,,,,,,,,,,,,,,,,,,,,,,,
2021-12-31,1839997169.143666,0.12558,59741000000.0,33364000000.0,34433000000.0,272344000000.0,74393000000.0,39960000000.0,-1361000000.0,1809000000.0,448000000.0,20551997169.143665,33364000000.0,444943000000.0,24879000000.0,10300000000.0,10120000000.0,3.2405,3.298,33364000000.0,33364000000.0,33364000000.0,33364000000.0,33364000000.0,4791000000.0,38151000000.0,14633000000.0,-19000000.0,-1361000000.0,1809000000.0,448000000.0,24879000000.0,172599000000.0,,41374000000.0,197478000000.0,272344000000.0,469822000000.0,469822000000.0,460000000.0,10180000000.0,10640000000.0,12524000000.0,116395000000.0,117767000000.0,186989000000.0,19314000000.0,117767000000.0,67651000000.0,138245000000.0,186989000000.0,138245000000.0,138245000000.0,-1376000000.0,-1376000000.0,85915000000.0,106000000.0,106000000.0,282304000000.0,140038000000.0,23643000000.0,,116395000000.0,67651000000.0,48744000000.0,142266000000.0,,11827000000.0,11827000000.0,,,,,,130439000000.0,51775000000.0,78664000000.0,,,78664000000.0,420549000000.0,258969000000.0,22128000000.0,,,,,,,216363000000.0,-78519000000.0,294882000000.0,,188883000000.0,128683000000.0,81104000000.0,81104000000.0,161580000000.0,,32640000000.0,32891000000.0,,32891000000.0,96049000000.0,59829000000.0,36220000000.0,,,-14726000000.0,0.0,-20668000000.0,26959000000.0,,-61053000000.0,1772000000.0,3688000000.0,36477000000.0,42377000000.0,-5536000000.0,6291000000.0,6291000000.0,-162000000.0,,,0.0,0.0,,6291000000.0,203000000.0,6088000000.0,-12915000000.0,19003000000.0,-58154000000.0,-58154000000.0,,-773000000.0,59384000000.0,-60157000000.0,-1985000000.0,-1985000000.0,-55396000000.0,-61053000000.0,46327000000.0,46327000000.0,-19611000000.0,2314000000.0,,-9018000000.0,5725000000.0,3602000000.0,3602000000.0,-9487000000.0,-9145000000.0,-9145000000.0,-14306000000.0,12757000000.0,-310000000.0,-310000000.0,34433000000.0,34433000000.0,33364000000.0,AMZN,14652000000.0,14652000000.0,,,14652000000.0,32551000000.0,8823000000.0,8823000000.0,,,,,,,20478000000.0,5107000000.0,15371000000.0,,,32640000000.0,,,-1100000000.0,33991000000.0,-364000000.0,7956000000.0,,,,,,,,,0.0,,24895000000.0,,,2123000000.0,,,4000000.0,131225000000.0,1837000000.0,55437000000.0,-2600000000.0,35240000000.0,-7753000000.0,5657000000.0,,,,,,,,,,,,,,,,,,,,,,,,,,,,,,,,,,,,,,,,,,,,,,,,,,,,,,,,,,,,,,,,,,,,,
2020-12-31,,,,,,,,,,,,,,,,,,,,,,,,,,,,,,,,,,42740000000.0,,,,,,,,,,,,,,,,,,,,,,,,,,,,,,,,,,,,,,,,,,,,,,,,,,,,,,,,,,,,,97224000000.0,57324000000.0,,,,,,,,,,,,,,,,,,,,,,,,,,,,,,,,,,,,,,,,,,,,,,,,,,,,,,,,,,,,,,,,,,AMZN,,,,,,,,,,,,,,,,,,,,23795000000.0,,,,,,,,,,,,,,,,,,,,,,,,,,,,,,,,,,,,,,,,,,,,,,,,,,,,,,,,,,,,,,,,,,,,,,,,,,,,,,,,,,,,,,,,,,,,,,,,,,,
2024-12-31,-81420000.0,0.118,87566000000.0,62360000000.0,15498000000.0,30161000000.0,86876000000.0,71378000000.0,1973000000.0,715000000.0,2517000000.0,62968580000.0,62360000000.0,95121000000.0,69380000000.0,2614000000.0,2534000000.0,23.86,24.61,62360000000.0,62360000000.0,62360000000.0,62360000000.0,62360000000.0,8303000000.0,70663000000.0,-690000000.0,,1973000000.0,715000000.0,2517000000.0,69380000000.0,64960000000.0,43873000000.0,21087000000.0,134340000000.0,30161000000.0,164501000000.0,162779000000.0,,2534487662.0,2534487662.0,,49060000000.0,161068000000.0,211463000000.0,66449000000.0,161068000000.0,20234000000.0,182637000000.0,211463000000.0,182637000000.0,182637000000.0,-3097000000.0,-3097000000.0,102506000000.0,0.0,0.0,93417000000.0,59821000000.0,2716000000.0,9987000000.0,47118000000.0,18292000000.0,28826000000.0,33596000000.0,6074000000.0,,,1942000000.0,1942000000.0,,,,19230000000.0,8105000000.0,11125000000.0,3438000000.0,,7687000000.0,276054000000.0,176009000000.0,12102000000.0,,,6070000000.0,,6070000000.0,6070000000.0,136268000000.0,-43317000000.0,179585000000.0,7293000000.0,95853000000.0,,2561000000.0,0.0,100045000000.0,5236000000.0,,16994000000.0,,16994000000.0,77815000000.0,33926000000.0,43889000000.0,36671000000.0,7218000000.0,54072000000.0,-30125000000.0,-1969000000.0,10432000000.0,,-37256000000.0,486000000.0,10554000000.0,45438000000.0,42827000000.0,3397000000.0,-40781000000.0,-40781000000.0,-14047000000.0,-5072000000.0,-5072000000.0,-30125000000.0,-30125000000.0,,8463000000.0,,8463000000.0,-1969000000.0,10432000000.0,-47150000000.0,-47150000000.0,129000000.0,-9753000000.0,15789000000.0,-25542000000.0,-270000000.0,-270000000.0,-37256000000.0,-37256000000.0,91328000000.0,91328000000.0,1048000000.0,,2805000000.0,-270000000.0,696000000.0,373000000.0,373000000.0,,-1485000000.0,-1485000000.0,87000000.0,16690000000.0,-4738000000.0,-4738000000.0,15498000000.0,15498000000.0,62360000000.0,META,-690000000.0,-690000000.0,,,-690000000.0,11347000000.0,9740000000.0,9740000000.0,,,,6350000000.0,,,21569000000.0,915000000.0,20654000000.0,47076000000.0,,,,,,,-786000000.0,,,,,383000000.0,,,,,,,26802000000.0,,,323000000.0,,,,,,83228000000.0,,,,,,-171000000.0,,,-698000000.0,,,,,,,,,,,,,,,,,,,,,,,,,,,,,,,,,,,,,,,,,,,,,,,,,,,,,,,,,,,,,,,,
2023-12-31,-64416000.0,0.176,59418000000.0,39098000000.0,11178000000.0,25959000000.0,59052000000.0,47874000000.0,1043000000.0,446000000.0,1639000000.0,39399584000.0,39098000000.0,88151000000.0,46751000000.0,2629000000.0,2574000000.0,14.87,15.19,39098000000.0,39098000000.0,39098000000.0,39098000000.0,39098000000.0,8330000000.0,47428000000.0,-366000000.0,,1043000000.0,446000000.0,1639000000.0,46751000000.0,62192000000.0,38483000000.0,23709000000.0,108943000000.0,25959000000.0,134902000000.0,133844000000.0,0.0,2561000000.0,2561000000.0,,37234000000.0,131726000000.0,171553000000.0,53405000000.0,131726000000.0,18849000000.0,153168000000.0,171553000000.0,153168000000.0,153168000000.0,-2155000000.0,-2155000000.0,82070000000.0,0.0,0.0,76455000000.0,44495000000.0,1370000000.0,7514000000.0,35611000000.0,17226000000.0,18385000000.0,31960000000.0,6369000000.0,,,1623000000.0,1623000000.0,,,,17309000000.0,8805000000.0,8504000000.0,3655000000.0,,4849000000.0,229623000000.0,144258000000.0,6794000000.0,,,6141000000.0,,6141000000.0,6141000000.0,109881000000.0,-33134000000.0,143015000000.0,6972000000.0,71733000000.0,,2080000000.0,0.0,85365000000.0,3793000000.0,,16169000000.0,,16169000000.0,65403000000.0,23541000000.0,41862000000.0,35597000000.0,6265000000.0,44068000000.0,-19774000000.0,-1058000000.0,8455000000.0,,-27045000000.0,448000000.0,6607000000.0,42827000000.0,15596000000.0,27118000000.0,-19500000000.0,-19500000000.0,-7123000000.0,0.0,0.0,-19774000000.0,-19774000000.0,,7397000000.0,,7397000000.0,-1058000000.0,8455000000.0,-24495000000.0,-24495000000.0,-23000000.0,3202000000.0,6184000000.0,-2982000000.0,-629000000.0,-629000000.0,-27045000000.0,-27045000000.0,71113000000.0,71113000000.0,3836000000.0,,624000000.0,-80000000.0,5132000000.0,51000000.0,51000000.0,,-2399000000.0,-2399000000.0,411000000.0,14027000000.0,131000000.0,131000000.0,11178000000.0,11178000000.0,39098000000.0,META,-366000000.0,-366000000.0,,,-366000000.0,12301000000.0,11408000000.0,11408000000.0,,,,6659000000.0,,,21442000000.0,788000000.0,20654000000.0,37961000000.0,,,,,,,113000000.0,,,,,2432000000.0,,,,,,,24269000000.0,,,5081000000.0,,,,,,73253000000.0,,,,221000000.0,,150000000.0,863000000.0,,559000000.0,,,,,,,,,,,,,,,,,,,,,,,,,,,,,,,,,,,,,,,,,,,,,,,,,,,,,,,,,,,,,,,,
2022-12-31,-15795000.0,0.195,37771000000.0,23200000000.0,8686000000.0,25249000000.0,37690000000.0,29004000000.0,-44000000.0,185000000.0,461000000.0,23265205000.0,23200000000.0,87665000000.0,28944000000.0,2702000000.0,2687000000.0,8.59,8.63,23200000000.0,23200000000.0,23200000000.0,23200000000.0,23200000000.0,5619000000.0,28819000000.0,-81000000.0,-320000000.0,-44000000.0,185000000.0,461000000.0,28944000000.0,62416000000.0,35338000000.0,27078000000.0,91360000000.0,25249000000.0,116609000000.0,115801000000.0,,2614000000.0,2614000000.0,,26591000000.0,104510000000.0,135636000000.0,32523000000.0,104510000000.0,16668000000.0,125713000000.0,135636000000.0,125713000000.0,125713000000.0,-3530000000.0,-3530000000.0,64799000000.0,0.0,0.0,60014000000.0,32988000000.0,1119000000.0,6645000000.0,25224000000.0,15301000000.0,9923000000.0,27026000000.0,4906000000.0,,,1367000000.0,1367000000.0,,,,16162000000.0,7716000000.0,8446000000.0,2339000000.0,,4990000000.0,185727000000.0,126178000000.0,6583000000.0,,,6201000000.0,,6201000000.0,6201000000.0,92191000000.0,-24975000000.0,117166000000.0,6522000000.0,55998000000.0,,1874000000.0,0.0,59549000000.0,5345000000.0,,13466000000.0,,13466000000.0,40738000000.0,26057000000.0,14681000000.0,8505000000.0,6176000000.0,19289000000.0,-27956000000.0,-850000000.0,9921000000.0,,-31186000000.0,0.0,6407000000.0,15596000000.0,16865000000.0,-631000000.0,-22136000000.0,-22136000000.0,-3251000000.0,0.0,0.0,-27956000000.0,-27956000000.0,,9071000000.0,,9071000000.0,-850000000.0,9921000000.0,-28970000000.0,-28970000000.0,-4000000.0,3532000000.0,13158000000.0,-9626000000.0,-1312000000.0,-1312000000.0,-31186000000.0,-31186000000.0,50475000000.0,50475000000.0,5683000000.0,,886000000.0,-106000000.0,4510000000.0,210000000.0,210000000.0,,231000000.0,231000000.0,1982000000.0,11992000000.0,-3286000000.0,-3286000000.0,8686000000.0,8686000000.0,23200000000.0,META,-81000000.0,-81000000.0,,,-81000000.0,15262000000.0,11816000000.0,11816000000.0,,,,4591000000.0,,,21203000000.0,897000000.0,20306000000.0,27720000000.0,,,,,,,-638000000.0,,,,463000000.0,2218000000.0,,,,,,,25052000000.0,,,4300000000.0,,,,,,64444000000.0,,,,245000000.0,,320000000.0,1117000000.0,,162000000.0,,,,,,,,,,,,,,,,,,,,,,,,,,,,,,,,,,,,,,,,,,,,,,,,,,,,,,,,,,,,,,,,
2021-12-31,-23380000.0,0.167,55414000000.0,39370000000.0,7967000000.0,22649000000.0,55274000000.0,47307000000.0,671000000.0,23000000.0,484000000.0,39486620000.0,39370000000.0,71176000000.0,46753000000.0,2859000000.0,2815000000.0,13.77,13.99,39370000000.0,39370000000.0,39370000000.0,39370000000.0,39370000000.0,7914000000.0,47284000000.0,-140000000.0,210000000.0,671000000.0,23000000.0,484000000.0,46753000000.0,48527000000.0,24655000000.0,23872000000.0,95280000000.0,22649000000.0,117929000000.0,117208000000.0,,2741000000.0,2741000000.0,,13873000000.0,105048000000.0,124879000000.0,45531000000.0,105048000000.0,13873000000.0,124879000000.0,124879000000.0,124879000000.0,124879000000.0,-693000000.0,-693000000.0,69761000000.0,0.0,0.0,41108000000.0,19973000000.0,1289000000.0,5938000000.0,12746000000.0,12746000000.0,,21135000000.0,5819000000.0,561000000.0,561000000.0,1127000000.0,1127000000.0,,,,11037000000.0,4646000000.0,6391000000.0,1256000000.0,,4083000000.0,165987000000.0,99321000000.0,2751000000.0,,,6775000000.0,,6775000000.0,6775000000.0,69964000000.0,-20080000000.0,90044000000.0,5795000000.0,45343000000.0,25584000000.0,1688000000.0,0.0,66666000000.0,4629000000.0,,14039000000.0,,14039000000.0,47998000000.0,31397000000.0,16601000000.0,9293000000.0,7308000000.0,38993000000.0,-44537000000.0,-677000000.0,0.0,,-18690000000.0,0.0,8525000000.0,16865000000.0,17954000000.0,-615000000.0,-50728000000.0,-50728000000.0,-5514000000.0,,,-44537000000.0,-44537000000.0,,-677000000.0,14000000.0,-677000000.0,-677000000.0,0.0,-7570000000.0,-7570000000.0,-331000000.0,12179000000.0,42586000000.0,-30407000000.0,-851000000.0,-851000000.0,-18567000000.0,-18690000000.0,57683000000.0,57683000000.0,700000000.0,187000000.0,941000000.0,-349000000.0,4968000000.0,1424000000.0,1436000000.0,,-3110000000.0,-3110000000.0,-127000000.0,9164000000.0,609000000.0,609000000.0,7967000000.0,7967000000.0,39370000000.0,META,-140000000.0,-140000000.0,0.0,,-140000000.0,14043000000.0,9829000000.0,9829000000.0,,,,3152000000.0,,6775000000.0,19831000000.0,634000000.0,19197000000.0,22531000000.0,,,,,,,-474000000.0,,,,-232000000.0,0.0,,,,,,1052000000.0,14687000000.0,,,3544000000.0,,,,,,55811000000.0,,,,123000000.0,,-210000000.0,1052000000.0,4629000000.0,-1750000000.0,,,,,,,,,,,,,,,,,,,,,,,,,,,,,,,,,,,,,,,,,,,,,,,,,,,,,,,,,,,,,,,,
2020-12-31,,,,,,,,,,,,,,,,,,,,,,,,,,,,-34000000.0,,,,,,,,,,,,,,,,,,,,,,,,,,,,,,,,,,,,,,,,382000000.0,382000000.0,,,,,,,,,,,,,,,,,,,,,,,,,,20544000000.0,,,,,,,,,,,,,,,,,,,,,,,,,,,,,,,,,,24000000.0,,,,,,,,,,,,,,,,,108000000.0,,,,,,,,,,,,,,,,META,,,0.0,,,,,,,,,,,6234000000.0,,,,,,,,,-114000000.0,11449000000.0,,,,,33000000.0,,,,,,,1093000000.0,,,,,,,,,,,,,,48000000.0,0.0,,1093000000.0,2381000000.0,,,,,,,,,,,,,,,,,,,,,,,,,,,,,,,,,,,,,,,,,,,,,,,,,,,,,,,,,,,,,,,,,
2024-12-31,-136800000.0,0.2,15392000000.0,7130000000.0,5368000000.0,80240000000.0,14708000000.0,9340000000.0,1219000000.0,350000000.0,1569000000.0,7677200000.0,7130000000.0,89930000000.0,7076000000.0,3216000000.0,3216000000.0,2.04,2.23,7130000000.0,7130000000.0,7130000000.0,7153000000.0,7153000000.0,1837000000.0,8990000000.0,11000000.0,695000000.0,1219000000.0,350000000.0,1569000000.0,7760000000.0,9690000000.0,4540000000.0,5150000000.0,17450000000.0,80240000000.0,97690000000.0,97690000000.0,,3216000000.0,3216000000.0,,13623000000.0,71443000000.0,80791000000.0,29539000000.0,71443000000.0,5745000000.0,72913000000.0,78448000000.0,73680000000.0,72913000000.0,-670000000.0,-670000000.0,35209000000.0,3000000.0,3000000.0,48390000000.0,19569000000.0,1093000000.0,,10360000000.0,4825000000.0,5535000000.0,28821000000.0,1549000000.0,4161000000.0,4161000000.0,3263000000.0,920000000.0,2343000000.0,2343000000.0,,17626000000.0,3785000000.0,13841000000.0,1367000000.0,,12474000000.0,122070000000.0,63716000000.0,4215000000.0,6524000000.0,6524000000.0,,,,,51507000000.0,-18898000000.0,70405000000.0,3688000000.0,14195000000.0,28272000000.0,10677000000.0,6790000000.0,58360000000.0,5362000000.0,12017000000.0,4418000000.0,,4418000000.0,36563000000.0,20424000000.0,16139000000.0,1753000000.0,14386000000.0,3581000000.0,,-2881000000.0,5744000000.0,,-11342000000.0,277000000.0,1331000000.0,17037000000.0,17189000000.0,-11000000.0,3853000000.0,3853000000.0,-251000000.0,,,,,,2863000000.0,,2863000000.0,-2881000000.0,5744000000.0,-18787000000.0,-18787000000.0,,-7445000000.0,28510000000.0,-35955000000.0,0.0,0.0,-11342000000.0,-11342000000.0,14923000000.0,14923000000.0,81000000.0,502000000.0,,-590000000.0,3588000000.0,3588000000.0,3588000000.0,937000000.0,-1083000000.0,-1083000000.0,172000000.0,1999000000.0,477000000.0,477000000.0,5368000000.0,5368000000.0,7153000000.0,TSLA,-684000000.0,-684000000.0,-684000000.0,,,,,,3317000000.0,3317000000.0,,,,,1470000000.0,1226000000.0,244000000.0,,,3940000000.0,1532000000.0,5242000000.0,,,-141000000.0,,,,,335000000.0,5368000000.0,-662000000.0,,,0.0,,6783000000.0,,1241000000.0,,,,,,,38371000000.0,,1303000000.0,,,,,,,-3273000000.0,1003000000.0,0.0,-23000000.0,684000000.0,767000000.0,,,4799000000.0,0.0,2222000000.0,,,0.0,0.0,0.0,-73000000.0,-589000000.0,,,,,,,,,,,,,,,,,,,,,,,,,,,,,,,,,,,,,,,,,,,,,,,
2023-12-31,0.0,0.21,14796000000.0,14999000000.0,4667000000.0,79113000000.0,14796000000.0,10129000000.0,910000000.0,156000000.0,1066000000.0,14999000000.0,14999000000.0,87882000000.0,8891000000.0,3482750000.0,3173500000.0,4.31,4.725697,14999000000.0,14999000000.0,14999000000.0,14974000000.0,14974000000.0,-5001000000.0,9973000000.0,172000000.0,172000000.0,910000000.0,156000000.0,1066000000.0,8891000000.0,8769000000.0,3969000000.0,4800000000.0,17660000000.0,79113000000.0,96773000000.0,96773000000.0,0.0,3185000000.0,3185000000.0,,9573000000.0,62019000000.0,67291000000.0,20868000000.0,62019000000.0,4916000000.0,62634000000.0,65316000000.0,63609000000.0,62634000000.0,-143000000.0,-143000000.0,27882000000.0,3000000.0,3000000.0,43009000000.0,14261000000.0,876000000.0,,6528000000.0,3846000000.0,2682000000.0,28748000000.0,517000000.0,3740000000.0,3740000000.0,3045000000.0,1070000000.0,1975000000.0,1975000000.0,,19681000000.0,4046000000.0,15635000000.0,1204000000.0,,14431000000.0,106618000000.0,57003000000.0,4531000000.0,6733000000.0,6733000000.0,,,,,45124000000.0,-15077000000.0,60201000000.0,3136000000.0,8819000000.0,26087000000.0,9498000000.0,6870000000.0,49616000000.0,3388000000.0,13626000000.0,3508000000.0,,3508000000.0,29094000000.0,12696000000.0,16398000000.0,495000000.0,15903000000.0,4357000000.0,,-1815000000.0,3931000000.0,,-8899000000.0,126000000.0,1119000000.0,17189000000.0,16924000000.0,261000000.0,2589000000.0,2589000000.0,-227000000.0,,,,,,2116000000.0,,2116000000.0,-1815000000.0,3931000000.0,-15584000000.0,-15584000000.0,,-6621000000.0,12491000000.0,-19112000000.0,-64000000.0,-64000000.0,-8899000000.0,-8899000000.0,13256000000.0,13256000000.0,-2248000000.0,1532000000.0,,-1952000000.0,2605000000.0,2605000000.0,2605000000.0,-1195000000.0,-586000000.0,-586000000.0,81000000.0,1812000000.0,-6349000000.0,-6349000000.0,4667000000.0,4667000000.0,14974000000.0,TSLA,0.0,0.0,0.0,,,,,,3251000000.0,3251000000.0,,,,,615000000.0,362000000.0,253000000.0,,,5049000000.0,2016000000.0,5390000000.0,,,4000000.0,,,,,463000000.0,4667000000.0,-144000000.0,,,0.0,,5791000000.0,,700000000.0,,,,,,,34892000000.0,,1171000000.0,,,,,,,-2652000000.0,1268000000.0,0.0,25000000.0,0.0,975000000.0,,3606000000.0,3606000000.0,0.0,1765000000.0,,,0.0,0.0,0.0,-144000000.0,0.0,,,,,,,,,,,,,,,,,,,,,,,,,,,,,,,,,,,,,,,,,,,,,,,
2022-12-31,-14080000.0,0.08,17833000000.0,12583000000.0,3747000000.0,60609000000.0,17657000000.0,13910000000.0,106000000.0,191000000.0,297000000.0,12744920000.0,12583000000.0,67630000000.0,13656000000.0,3475000000.0,3130000000.0,3.62,4.02,12584000000.0,12583000000.0,12583000000.0,12587000000.0,12587000000.0,1132000000.0,13719000000.0,-219000000.0,-43000000.0,106000000.0,191000000.0,297000000.0,13832000000.0,7021000000.0,3075000000.0,3946000000.0,20853000000.0,60609000000.0,81462000000.0,81462000000.0,,3164000000.0,3164000000.0,,5748000000.0,44111000000.0,46749000000.0,14208000000.0,44111000000.0,3703000000.0,44704000000.0,45733000000.0,45898000000.0,44704000000.0,-361000000.0,-361000000.0,12885000000.0,3000000.0,3000000.0,36440000000.0,9731000000.0,686000000.0,,3761000000.0,2732000000.0,1029000000.0,26709000000.0,354000000.0,2810000000.0,2810000000.0,1987000000.0,971000000.0,1016000000.0,1016000000.0,,20263000000.0,3773000000.0,16490000000.0,1235000000.0,,15255000000.0,82338000000.0,41421000000.0,3865000000.0,328000000.0,328000000.0,,,,,36635000000.0,-11499000000.0,48134000000.0,2366000000.0,5142000000.0,21705000000.0,7751000000.0,6889000000.0,40917000000.0,2941000000.0,12839000000.0,2952000000.0,,2952000000.0,22185000000.0,5932000000.0,16253000000.0,2288000000.0,13965000000.0,7552000000.0,,-3866000000.0,0.0,0.0,-7172000000.0,152000000.0,1203000000.0,16924000000.0,18144000000.0,-776000000.0,-3527000000.0,-3527000000.0,-202000000.0,,,0.0,,0.0,-3866000000.0,,-3866000000.0,-3866000000.0,0.0,-11973000000.0,-11973000000.0,76000000.0,-5813000000.0,22000000.0,-5835000000.0,0.0,0.0,-7163000000.0,-7163000000.0,14724000000.0,14724000000.0,-3712000000.0,1131000000.0,1904000000.0,-1570000000.0,8029000000.0,8029000000.0,8029000000.0,-6465000000.0,-1124000000.0,-1124000000.0,340000000.0,1560000000.0,-196000000.0,-196000000.0,3747000000.0,3747000000.0,12587000000.0,TSLA,-176000000.0,-176000000.0,-176000000.0,,,,,,2804000000.0,2804000000.0,82000000.0,,,,593000000.0,399000000.0,194000000.0,,,3475000000.0,2385000000.0,6137000000.0,,,-444000000.0,,,,,177000000.0,3747000000.0,221000000.0,,,0.0,,4281000000.0,,541000000.0,,,,,,,32177000000.0,,842000000.0,,,,,,,-3713000000.0,1509000000.0,1000000.0,-4000000.0,176000000.0,1194000000.0,,2480000000.0,2480000000.0,0.0,1295000000.0,,0.0,927000000.0,936000000.0,-9000000.0,81000000.0,140000000.0,,,,,,,,,,,,,,,,,,,,,,,,,,,,,,,,,,,,,,,,,,,,,,,
2021-12-31,2970000.0,0.11,9598000000.0,5524000000.0,2911000000.0,40217000000.0,9625000000.0,6714000000.0,-315000000.0,371000000.0,56000000.0,5499970000.0,5524000000.0,47327000000.0,6523000000.0,3386000000.0,2959000000.0,1.63,1.87,5533000000.0,5524000000.0,5524000000.0,5644000000.0,5644000000.0,699000000.0,6343000000.0,162000000.0,135000000.0,-315000000.0,371000000.0,56000000.0,6496000000.0,7110000000.0,2593000000.0,4517000000.0,13606000000.0,40217000000.0,53823000000.0,53823000000.0,,3099000000.0,3099000000.0,,8873000000.0,28472000000.0,35531000000.0,7395000000.0,28472000000.0,3531000000.0,30189000000.0,34443000000.0,31583000000.0,30189000000.0,54000000.0,54000000.0,329000000.0,3000000.0,3000000.0,30548000000.0,10843000000.0,320000000.0,,6916000000.0,2662000000.0,4254000000.0,19705000000.0,310000000.0,2372000000.0,2372000000.0,1957000000.0,869000000.0,1088000000.0,1088000000.0,,14098000000.0,2951000000.0,11147000000.0,1122000000.0,,10025000000.0,62131000000.0,35027000000.0,2138000000.0,,,,,,,31172000000.0,-8691000000.0,39863000000.0,1826000000.0,4204000000.0,16647000000.0,4675000000.0,6913000000.0,27100000000.0,1723000000.0,5757000000.0,1913000000.0,,1913000000.0,17707000000.0,131000000.0,17576000000.0,9548000000.0,8028000000.0,3483000000.0,,-14615000000.0,8883000000.0,0.0,-8014000000.0,266000000.0,561000000.0,18144000000.0,19901000000.0,-1574000000.0,-5203000000.0,-5203000000.0,-178000000.0,,,0.0,,0.0,-5732000000.0,,-5732000000.0,-14615000000.0,8883000000.0,-7868000000.0,-7868000000.0,6000000.0,-132000000.0,0.0,-132000000.0,0.0,0.0,-6514000000.0,-6514000000.0,11497000000.0,11497000000.0,667000000.0,793000000.0,476000000.0,-2114000000.0,5367000000.0,5367000000.0,5367000000.0,-1709000000.0,-130000000.0,-130000000.0,245000000.0,2121000000.0,-149000000.0,-149000000.0,2911000000.0,2911000000.0,5644000000.0,TSLA,27000000.0,27000000.0,27000000.0,,,,,,2076000000.0,2052000000.0,24000000.0,,,,1717000000.0,1517000000.0,200000000.0,,,1277000000.0,1089000000.0,2816000000.0,,,-183000000.0,,,,,140000000.0,2911000000.0,-82000000.0,,,0.0,,5598000000.0,,707000000.0,,,,,,,29803000000.0,,575000000.0,,,-5000000.0,,,1723000000.0,-1540000000.0,978000000.0,9000000.0,-120000000.0,-27000000.0,1394000000.0,568000000.0,1398000000.0,1531000000.0,,968000000.0,16000000.0,0.0,-1228000000.0,272000000.0,-1500000000.0,-55000000.0,-27000000.0,,,,,,,,,,,,,,,,,,,,,,,,,,,,,,,,,,,,,,,,,,,,,,,
2020-12-31,,,,,,,,,,,,,,,,,,,,,,,,,,,,,,,,,,,,,,,,,,,,,,,,,,,,,,,,,,,,,,,,,,,,,,,,,,,,,,,,,,,,,,,,,,,,,,,,,,,,,,,,,,,,,,,,,12269000000.0,,,,,,,,,,,,12269000000.0,,12269000000.0,,,,,,,,123000000.0,,,,,,,,,,,,495000000.0,,,,,,,,,,,,,,,TSLA,,,,,,,,,,,151000000.0,,,,,,,,,,,,,,,,,,,,,,,,,,,,,,,,,,,,,,,,31000000.0,,,1346000000.0,,,,,,,604000000.0,989000000.0,,,,77000000.0,,,,,,,,,,,,,,,,,,,,,,,,,,,,,,,,,,,,,,,,,,,,,,,,,,,,,
2024-12-31,1293071000.0,0.221,,58471000000.0,7938000000.0,,,,92583000000.0,101350000000.0,193933000000.0,53913071000.0,58471000000.0,,,2879000000.0,2873900000.0,19.75,19.79,56868000000.0,56868000000.0,58471000000.0,58471000000.0,58471000000.0,16610000000.0,75081000000.0,,,,,,,,,56331000000.0,,,169439000000.0,169439000000.0,1307313494.0,2797620401.0,4104933895.0,,454311000000.0,260148000000.0,779019000000.0,,280198000000.0,,324708000000.0,734594000000.0,344758000000.0,344758000000.0,-12456000000.0,-12456000000.0,376166000000.0,24155000000.0,4105000000.0,3658056000000.0,,,,389836000000.0,,389836000000.0,,,,,64475000000.0,,64475000000.0,64475000000.0,,305933000000.0,,305933000000.0,,,153153000000.0,4002814000000.0,,,,,1172872000000.0,,,,32223000000.0,,32223000000.0,,15349000000.0,,,16874000000.0,,,,101223000000.0,,101223000000.0,,396690000000.0,469317000000.0,,23372000000.0,-42012000000.0,-28680000000.0,-96605000000.0,109915000000.0,2500000000.0,,99642000000.0,11715000000.0,469317000000.0,624151000000.0,-141968000000.0,63447000000.0,63447000000.0,74000000.0,-14783000000.0,,-18830000000.0,-18830000000.0,,20749000000.0,7439000000.0,13310000000.0,-96605000000.0,109915000000.0,-163403000000.0,-163403000000.0,-2146000000.0,-114934000000.0,242487000000.0,-357421000000.0,-2362000000.0,-2362000000.0,,,-42012000000.0,-42012000000.0,-114220000000.0,-112215000000.0,,-7650000000.0,-90000000.0,-90000000.0,-90000000.0,,5735000000.0,5735000000.0,1107000000.0,,2004000000.0,2004000000.0,7938000000.0,7938000000.0,58471000000.0,JPM,5851000000.0,5851000000.0,5851000000.0,,-1045000000.0,4974000000.0,51357000000.0,,,,,,,,64560000000.0,11995000000.0,52565000000.0,,,,,,,,-12866000000.0,,,,,,,-7990000000.0,-7990000000.0,,20050000000.0,152780000000.0,,,,,,,,,134018000000.0,90911000000.0,,,,,344000000.0,,,,,,,,674000000.0,,,,,,,,,,,,,,1259000000.0,-6525000000.0,51357000000.0,14857000000.0,11057000000.0,7310000000.0,391850000.0,20050000000.0,274468000000.0,501714000000.0,764318000000.0,-7350000000.0,-9850000000.0,2500000000.0,,,,,,,,,,,,,,,,,,,,,,,,,,,,,,,,,
2023-12-31,-447272000.0,0.196,,49552000000.0,7512000000.0,,,,89267000000.0,81321000000.0,170588000000.0,51386728000.0,49552000000.0,,,2943100000.0,2938600000.0,16.23,16.25,47760000000.0,47760000000.0,49552000000.0,49552000000.0,49552000000.0,12060000000.0,61612000000.0,,,,,,,,,51056000000.0,,,154952000000.0,154952000000.0,1228275301.0,2876658594.0,4104933895.0,,436537000000.0,236093000000.0,737011000000.0,,263497000000.0,,300474000000.0,719703000000.0,327878000000.0,327878000000.0,-10443000000.0,-10443000000.0,332901000000.0,31509000000.0,4105000000.0,3547515000000.0,,,,391825000000.0,,391825000000.0,,,,,44712000000.0,,44712000000.0,44712000000.0,,317954000000.0,,317954000000.0,,,161960000000.0,3875393000000.0,,,,,973946000000.0,,,,30157000000.0,,30157000000.0,,15295000000.0,,,14862000000.0,,,,107363000000.0,,107363000000.0,,192485000000.0,624151000000.0,,29066000000.0,12974000000.0,-9824000000.0,-64880000000.0,75417000000.0,0.0,,77114000000.0,9908000000.0,624151000000.0,567234000000.0,55046000000.0,-25571000000.0,-25571000000.0,7508000000.0,-13463000000.0,,-9824000000.0,-9824000000.0,,8603000000.0,-1934000000.0,10537000000.0,-64880000000.0,75417000000.0,67643000000.0,67643000000.0,-16740000000.0,95594000000.0,215234000000.0,-119640000000.0,-9920000000.0,-9920000000.0,,,12974000000.0,12974000000.0,-56168000000.0,-83678000000.0,,32970000000.0,-25388000000.0,-25388000000.0,-25388000000.0,,19928000000.0,19928000000.0,7292000000.0,,-4534000000.0,-4534000000.0,7512000000.0,7512000000.0,49552000000.0,JPM,-2282000000.0,-2282000000.0,-2282000000.0,,-3218000000.0,4591000000.0,46465000000.0,,,,,,,,64381000000.0,11747000000.0,52634000000.0,,,,,,,,1871000000.0,,,,,,,-2775000000.0,0.0,,27404000000.0,155994000000.0,,,,,,,,,116217000000.0,90128000000.0,,,,,291000000.0,,,,,,,,-2054000000.0,,,,,,,,,,,,,,1501000000.0,4336000000.0,46465000000.0,13836000000.0,10235000000.0,6649000000.0,391850000.0,27404000000.0,369848000000.0,411613000000.0,900303000000.0,0.0,0.0,0.0,-2775000000.0,,,,,,,,,,,,,,,,,,,,,,,,,,,,,,,,
2022-12-31,119232000.0,0.184,,37676000000.0,7051000000.0,,,,66710000000.0,26097000000.0,92807000000.0,37147232000.0,37676000000.0,,,2970000000.0,2965800000.0,12.09,12.1,35892000000.0,35892000000.0,37676000000.0,37676000000.0,37676000000.0,8490000000.0,46166000000.0,,,,,,,,,45547000000.0,,,127727000000.0,127727000000.0,1170676094.0,2934257801.0,4104933895.0,,339892000000.0,204069000000.0,604820000000.0,,231473000000.0,,264928000000.0,588197000000.0,292332000000.0,292332000000.0,-17341000000.0,-17341000000.0,296456000000.0,31509000000.0,4105000000.0,3373411000000.0,,,,295865000000.0,,295865000000.0,,,,,44027000000.0,,44027000000.0,44027000000.0,,339982000000.0,,339982000000.0,,,188692000000.0,3665743000000.0,,,,,982116000000.0,,,,27734000000.0,,27734000000.0,,14248000000.0,,,13486000000.0,,,,125189000000.0,,125189000000.0,,196699000000.0,567234000000.0,,27697000000.0,107119000000.0,-10596000000.0,-45556000000.0,78442000000.0,0.0,,23143000000.0,4355000000.0,567234000000.0,740834000000.0,-156957000000.0,-126257000000.0,-126257000000.0,2439000000.0,-13562000000.0,,-3162000000.0,-3162000000.0,,23902000000.0,-8984000000.0,32886000000.0,-45556000000.0,78442000000.0,-137819000000.0,-137819000000.0,-11932000000.0,12467000000.0,172401000000.0,-159934000000.0,0.0,0.0,,,107119000000.0,107119000000.0,32686000000.0,-76000000.0,,-2882000000.0,58614000000.0,58614000000.0,58614000000.0,,-22970000000.0,-22970000000.0,26055000000.0,,-2738000000.0,-2738000000.0,7051000000.0,7051000000.0,37676000000.0,JPM,648000000.0,648000000.0,648000000.0,,-2434000000.0,3911000000.0,41636000000.0,,,,,,,,60859000000.0,9197000000.0,51662000000.0,,,,,,,,-16643000000.0,,,,,,,,0.0,,27404000000.0,151290000000.0,,,,,,,,,107336000000.0,89044000000.0,,,,,189000000.0,,,,,,,,0.0,,,,,,,,,,,,,,1595000000.0,-648000000.0,41636000000.0,14054000000.0,10174000000.0,6099000000.0,391850000.0,27404000000.0,425305000000.0,360112000000.0,882826000000.0,-7434000000.0,-7434000000.0,0.0,0.0,,,,,,,,,,,,,,,,,,,,,,,,,,,,,,,,
2021-12-31,-80514000.0,0.189,,48334000000.0,7932000000.0,,,,52311000000.0,5553000000.0,57864000000.0,48679486000.0,48334000000.0,,,3026600000.0,3021500000.0,15.36,15.39,46503000000.0,46503000000.0,48334000000.0,48334000000.0,48334000000.0,11228000000.0,59562000000.0,,,,,,,,,41603000000.0,,,121685000000.0,121685000000.0,1160784750.0,2944149145.0,4104933895.0,,354599000000.0,202598000000.0,613888000000.0,,237436000000.0,,259289000000.0,595132000000.0,294127000000.0,294127000000.0,-84000000.0,-84000000.0,272268000000.0,38943000000.0,4105000000.0,3449440000000.0,,,,301005000000.0,,301005000000.0,,,,,53594000000.0,,53594000000.0,53594000000.0,,303071000000.0,,303071000000.0,,,169172000000.0,3743567000000.0,,,,,984829000000.0,,,,27070000000.0,,,,,,,,,,,102570000000.0,,102570000000.0,,290257000000.0,740834000000.0,,26438000000.0,78084000000.0,-20983000000.0,-54932000000.0,82409000000.0,7350000000.0,,5142000000.0,18737000000.0,740834000000.0,527609000000.0,224733000000.0,275993000000.0,275993000000.0,-5731000000.0,-12858000000.0,,-18408000000.0,-18408000000.0,,35250000000.0,7773000000.0,27477000000.0,-54932000000.0,82409000000.0,-129344000000.0,-129344000000.0,-11044000000.0,-96821000000.0,263720000000.0,-360541000000.0,0.0,,,,78084000000.0,78084000000.0,35901000000.0,16885000000.0,,-11745000000.0,43162000000.0,43162000000.0,43162000000.0,,-12401000000.0,-12401000000.0,-8575000000.0,,3748000000.0,3748000000.0,7932000000.0,7932000000.0,48334000000.0,JPM,-426000000.0,-426000000.0,-426000000.0,,-309000000.0,3036000000.0,38567000000.0,,,,,,,,56691000000.0,6376000000.0,50315000000.0,,,,,,,,-11508000000.0,,,,,,,,,,34838000000.0,133899000000.0,,,,,,,,,105415000000.0,88415000000.0,,,,,231000000.0,,,,,,,,0.0,,,,,,,,,,,,,,1600000000.0,426000000.0,38567000000.0,14457000000.0,9814000000.0,5043000000.0,391850000.0,34838000000.0,363707000000.0,330865000000.0,1002532000000.0,4775000000.0,-2575000000.0,7350000000.0,0.0,,,,,,,,,,,,,,,,,,,,,,,,,,,,,,,,
2020-12-31,,,,,,,,,,,,,,,,,,,,,,,,,,,,,,,,,,,,,,,,,,,,,,,,,,,,,,,,,,,,,,,,,,,,,,,,,,12031000000.0,,,,,,,,,,,,,,,13827000000.0,,,,,,,,,,,,,79630000000.0,,,,,,,,,,,,,,,,,,,,,,,,,,,,,,,,,,,,,,,,,,,,,,,,,,,,,,,,,,,,JPM,,,,,,,,10338000000.0,,,,,,,,,,,,,,,,,,,,,,,,,,,,,,,,,,,,,,,,,,,,,,,,,,,,,,,,,,,,,,,,,,,,,,,,,,,,,,,,,,,,,,,,,,,,,,,,,,,,,,,,,,,,,,,
2024-12-31,-1121765000.0,0.157,31926000000.0,14066000000.0,7339000000.0,27471000000.0,24781000000.0,17442000000.0,577000000.0,755000000.0,1332000000.0,20089235000.0,14066000000.0,66672000000.0,,2429400000.0,2406922000.0,5.79,5.843978,14066000000.0,14066000000.0,14066000000.0,14066000000.0,14066000000.0,2621000000.0,16687000000.0,-6045000000.0,1100000000.0,577000000.0,755000000.0,1332000000.0,22149000000.0,39201000000.0,17232000000.0,21969000000.0,61350000000.0,27471000000.0,88821000000.0,88821000000.0,712921000.0,2406922000.0,3119843000.0,12529000000.0,36634000000.0,-10328000000.0,108124000000.0,5572000000.0,-10328000000.0,,71490000000.0,102141000000.0,71490000000.0,71490000000.0,-11741000000.0,-11741000000.0,,3120000000.0,3120000000.0,108614000000.0,58293000000.0,17549000000.0,390000000.0,30651000000.0,,30651000000.0,50321000000.0,,,,5983000000.0,,5983000000.0,,,40212000000.0,26129000000.0,14083000000.0,3772000000.0,3772000000.0,10311000000.0,180104000000.0,124211000000.0,11414000000.0,10461000000.0,10461000000.0,,,,,20518000000.0,-28250000000.0,48768000000.0,,,29444000000.0,718000000.0,0.0,55893000000.0,,12444000000.0,18927000000.0,4085000000.0,14842000000.0,24522000000.0,417000000.0,24105000000.0,21187000000.0,2918000000.0,18059000000.0,-2432000000.0,-11886000000.0,21937000000.0,0.0,-6207000000.0,1990000000.0,6714000000.0,24105000000.0,21859000000.0,2535000000.0,-3132000000.0,-3132000000.0,234000000.0,-11823000000.0,-11823000000.0,-2432000000.0,-2432000000.0,0.0,10051000000.0,5814000000.0,4237000000.0,-2423000000.0,6660000000.0,-18599000000.0,-18599000000.0,2018000000.0,736000000.0,2462000000.0,-1726000000.0,-15146000000.0,-15146000000.0,-4424000000.0,-4424000000.0,24266000000.0,24266000000.0,1837000000.0,,33000000.0,1717000000.0,1621000000.0,,,-1128000000.0,-406000000.0,-406000000.0,1841000000.0,1176000000.0,-2183000000.0,-2183000000.0,7339000000.0,7339000000.0,14066000000.0,JNJ,-7145000000.0,-7145000000.0,-6845000000.0,,-300000000.0,,21969000000.0,22869000000.0,2448000000.0,,2448000000.0,4126000000.0,,,81818000000.0,37618000000.0,44200000000.0,12317000000.0,,7292000000.0,2815000000.0,2337000000.0,-167000000.0,15009000000.0,-289000000.0,15277000000.0,,,,405000000.0,,-226000000.0,,,0.0,,6289000000.0,,838000000.0,,,,,,75680000000.0,155791000000.0,,,-9463000000.0,,,,,,,,,,1034000000.0,,,,,,,,,-1783000000.0,,-1783000000.0,,,,5600000000.0,-900000000.0,,,,,,,,,,,,-226000000.0,0.0,211000000.0,,7255000000.0,,11000000.0,,,,,,,,,,,,,,,,,,,,,,,,,,
2023-12-31,-1035230000.0,0.115,32322000000.0,13326000000.0,7486000000.0,26553000000.0,23320000000.0,15834000000.0,489000000.0,772000000.0,1261000000.0,21292770000.0,35153000000.0,61750000000.0,,2560400000.0,2407078000.0,13.72,14.604014,35153000000.0,35153000000.0,35153000000.0,35153000000.0,13326000000.0,1736000000.0,15062000000.0,-8802000000.0,200000000.0,489000000.0,772000000.0,1261000000.0,23409000000.0,35197000000.0,15085000000.0,20112000000.0,58606000000.0,26553000000.0,85159000000.0,85159000000.0,712765000.0,2407078000.0,3119843000.0,7473000000.0,29332000000.0,-1959000000.0,98106000000.0,7213000000.0,-1959000000.0,,68774000000.0,94655000000.0,68774000000.0,68774000000.0,-12527000000.0,-12527000000.0,153843000000.0,3120000000.0,3120000000.0,98784000000.0,52502000000.0,13398000000.0,2881000000.0,25881000000.0,,25881000000.0,46282000000.0,,,,3451000000.0,,3451000000.0,,,38838000000.0,26213000000.0,12625000000.0,2993000000.0,2993000000.0,9632000000.0,167558000000.0,114063000000.0,14153000000.0,9279000000.0,9279000000.0,,,,,19898000000.0,-27878000000.0,47776000000.0,,,28979000000.0,795000000.0,0.0,53495000000.0,,11181000000.0,19387000000.0,4514000000.0,14873000000.0,22927000000.0,1068000000.0,21859000000.0,18519000000.0,3340000000.0,17778000000.0,-5054000000.0,-24524000000.0,21790000000.0,4241000000.0,-5013000000.0,1836000000.0,8574000000.0,21859000000.0,14127000000.0,7844000000.0,-15825000000.0,-15825000000.0,-1602000000.0,-11770000000.0,-11770000000.0,-813000000.0,-5054000000.0,4241000000.0,-2734000000.0,-1183000000.0,-1551000000.0,-1551000000.0,0.0,878000000.0,878000000.0,-2593000000.0,8484000000.0,19390000000.0,-10906000000.0,0.0,0.0,-4543000000.0,-4543000000.0,22791000000.0,22791000000.0,2507000000.0,,5588000000.0,-3480000000.0,2346000000.0,,,-1323000000.0,-624000000.0,-624000000.0,483000000.0,1162000000.0,-4194000000.0,-4194000000.0,7486000000.0,7486000000.0,35153000000.0,JNJ,-9002000000.0,-9002000000.0,-8402000000.0,,-600000000.0,,20112000000.0,21512000000.0,3193000000.0,,3193000000.0,3993000000.0,,,70733000000.0,34175000000.0,36558000000.0,12375000000.0,,6874000000.0,1952000000.0,2355000000.0,-166000000.0,15039000000.0,-112000000.0,21790000000.0,,,,1295000000.0,,-21101000000.0,,,0.0,,5627000000.0,,1094000000.0,,,,,,75662000000.0,153843000000.0,,,-22973000000.0,,,,,,,,,,789000000.0,,,,,,,,,-470000000.0,,-470000000.0,,,,7300000000.0,-1400000000.0,,,,,,,,,,,,-21101000000.0,21827000000.0,313000000.0,0.0,7149000000.0,0.0,0.0,,,,,,,,,,,,,,,,,,,,,,,,,,
2022-12-31,-162932000.0,0.154,27663000000.0,16370000000.0,6970000000.0,24596000000.0,26605000000.0,19635000000.0,214000000.0,276000000.0,490000000.0,17265068000.0,17941000000.0,58977000000.0,,2663900000.0,2613597000.0,6.73,6.862158,17941000000.0,17941000000.0,17941000000.0,17941000000.0,16370000000.0,2989000000.0,19359000000.0,-1868000000.0,-810000000.0,214000000.0,276000000.0,490000000.0,21013000000.0,34381000000.0,14135000000.0,20246000000.0,55394000000.0,24596000000.0,79990000000.0,79990000000.0,506246000.0,2613597000.0,3119843000.0,26753000000.0,39642000000.0,2268000000.0,116446000000.0,-508000000.0,2268000000.0,,76804000000.0,103690000000.0,76804000000.0,76804000000.0,-12967000000.0,-12967000000.0,128345000000.0,3120000000.0,3120000000.0,110574000000.0,54772000000.0,10146000000.0,4306000000.0,26886000000.0,,26886000000.0,55802000000.0,3590000000.0,,,12756000000.0,,12756000000.0,,,36407000000.0,24298000000.0,12109000000.0,2220000000.0,2220000000.0,9889000000.0,187378000000.0,132084000000.0,30619000000.0,8947000000.0,8947000000.0,,,,,17982000000.0,-25552000000.0,43534000000.0,,,26603000000.0,784000000.0,0.0,55294000000.0,,10268000000.0,16915000000.0,2876000000.0,14039000000.0,22281000000.0,9392000000.0,12889000000.0,9198000000.0,3691000000.0,17185000000.0,-6035000000.0,-8684000000.0,16136000000.0,0.0,-4009000000.0,982000000.0,5223000000.0,14127000000.0,14487000000.0,-48000000.0,-8871000000.0,-8871000000.0,65000000.0,-11682000000.0,-11682000000.0,-6035000000.0,-6035000000.0,0.0,7452000000.0,9584000000.0,-2132000000.0,-2134000000.0,2000000.0,-12371000000.0,-12371000000.0,65000000.0,9225000000.0,41609000000.0,-32384000000.0,-17652000000.0,-17652000000.0,-4009000000.0,-4009000000.0,21194000000.0,21194000000.0,-4011000000.0,,-1979000000.0,687000000.0,1098000000.0,,,-2527000000.0,-1290000000.0,-1290000000.0,,1138000000.0,-1663000000.0,-1663000000.0,6970000000.0,6970000000.0,17941000000.0,JNJ,-1058000000.0,-1058000000.0,-1058000000.0,,-700000000.0,,20246000000.0,20246000000.0,3991000000.0,,3991000000.0,3049000000.0,,,74536000000.0,38489000000.0,36047000000.0,11470000000.0,,6972000000.0,1577000000.0,1719000000.0,-169000000.0,14208000000.0,-312000000.0,16134000000.0,,,,1216000000.0,,-380000000.0,,,0.0,,4677000000.0,,1329000000.0,,,,,,41694000000.0,128345000000.0,,,-6550000000.0,,,,,,,,,,275000000.0,,,,,,,,,0.0,,0.0,,,,2600000000.0,-1200000000.0,,,,,,,,,,,,-380000000.0,1571000000.0,783000000.0,2901000000.0,6542000000.0,5830000000.0,-17000000.0,,,,,,,,,,,,,,,,,,,,,,,,,,
2021-12-31,-79848000.0,0.072,27860000000.0,17801000000.0,7390000000.0,23402000000.0,26751000000.0,19361000000.0,-130000000.0,183000000.0,53000000.0,18830152000.0,20878000000.0,57797000000.0,,2674000000.0,2628965000.0,7.81,7.930572,20878000000.0,20878000000.0,20878000000.0,20878000000.0,17801000000.0,1377000000.0,19178000000.0,-1635000000.0,-526000000.0,-130000000.0,183000000.0,53000000.0,20943000000.0,34395000000.0,14277000000.0,20118000000.0,55338000000.0,23402000000.0,78740000000.0,78740000000.0,490878000.0,2628965000.0,3119843000.0,19264000000.0,33751000000.0,-7615000000.0,107774000000.0,15753000000.0,-7615000000.0,,74023000000.0,104008000000.0,74023000000.0,74023000000.0,-13058000000.0,-13058000000.0,123060000000.0,3120000000.0,3120000000.0,107995000000.0,62769000000.0,10686000000.0,5713000000.0,29985000000.0,,29985000000.0,45226000000.0,,,,3766000000.0,,3766000000.0,,,37874000000.0,25707000000.0,12167000000.0,1112000000.0,1112000000.0,11055000000.0,182018000000.0,121039000000.0,10216000000.0,10223000000.0,10223000000.0,,,,,18962000000.0,-28717000000.0,47679000000.0,,,29774000000.0,884000000.0,0.0,60979000000.0,3701000000.0,10387000000.0,18984000000.0,3701000000.0,15283000000.0,31608000000.0,17121000000.0,14487000000.0,,,19758000000.0,-3456000000.0,-2992000000.0,2002000000.0,0.0,-3652000000.0,990000000.0,4768000000.0,14487000000.0,13985000000.0,680000000.0,-14047000000.0,-14047000000.0,395000000.0,-11032000000.0,-11032000000.0,-3456000000.0,-3456000000.0,0.0,-990000000.0,807000000.0,-1797000000.0,-1802000000.0,5000000.0,-8683000000.0,-8683000000.0,417000000.0,-5388000000.0,25006000000.0,-30394000000.0,-60000000.0,-60000000.0,-3652000000.0,-3652000000.0,23410000000.0,23410000000.0,-4238000000.0,,-1061000000.0,-1964000000.0,2437000000.0,,,-1248000000.0,-2402000000.0,-2402000000.0,,1135000000.0,-2079000000.0,-2079000000.0,7390000000.0,7390000000.0,20878000000.0,JNJ,-1109000000.0,-1109000000.0,-1109000000.0,,500000000.0,,20118000000.0,20118000000.0,7487000000.0,,7487000000.0,3586000000.0,,,81638000000.0,46392000000.0,35246000000.0,12882000000.0,,6508000000.0,2287000000.0,1592000000.0,-230000000.0,15513000000.0,-178000000.0,1997000000.0,,,,989000000.0,,-617000000.0,,,0.0,,4139000000.0,,1036000000.0,,,,,,39099000000.0,123060000000.0,,,-1190000000.0,,,,,3701000000.0,,,,,209000000.0,,,,,,,,,0.0,,0.0,,,,2300000000.0,-600000000.0,,,,,,,,,,,,0.0,3077000000.0,900000000.0,,8898000000.0,,-48000000.0,,,,,,,,,,,,,,,,,,,,,,,,,,
2025-09-30,-303096966.189964,0.170951,27776000000.0,20058000000.0,1220000000.0,7855000000.0,26003000000.0,24783000000.0,-589000000.0,589000000.0,,21527903033.810036,20058000000.0,13444000000.0,23994000000.0,2194000000.0,1942000000.0,10.2,10.22,19853000000.0,19853000000.0,20058000000.0,20058000000.0,20058000000.0,4136000000.0,24194000000.0,-1773000000.0,,-589000000.0,589000000.0,,26556000000.0,5589000000.0,,4369000000.0,32145000000.0,7855000000.0,40000000000.0,51698000000.0,,1933259368.0,1933259368.0,8007000000.0,25171000000.0,-10361000000.0,62335000000.0,2718000000.0,-9616000000.0,,37164000000.0,57511000000.0,37909000000.0,37909000000.0,248000000.0,-307000000.0,15106000000.0,745000000.0,0.0,61718000000.0,26670000000.0,1519000000.0,,19602000000.0,,19602000000.0,35048000000.0,13994000000.0,,,5569000000.0,,5569000000.0,5569000000.0,,13622000000.0,8499000000.0,5123000000.0,,,555000000.0,99627000000.0,61861000000.0,9101000000.0,,,999000000.0,,999000000.0,,4236000000.0,-5870000000.0,10106000000.0,,,8839000000.0,72000000.0,0.0,37766000000.0,4837000000.0,,7317000000.0,4191000000.0,3126000000.0,18997000000.0,1833000000.0,17164000000.0,,,21577000000.0,-18316000000.0,0.0,3924000000.0,,-1482000000.0,587000000.0,4541000000.0,24987000000.0,19763000000.0,4804000000.0,-18963000000.0,-18963000000.0,-333000000.0,-4634000000.0,,-18316000000.0,-18316000000.0,,3924000000.0,,3924000000.0,0.0,3924000000.0,708000000.0,708000000.0,121000000.0,2956000000.0,3024000000.0,-68000000.0,-887000000.0,-887000000.0,-1482000000.0,-1482000000.0,23059000000.0,23059000000.0,-15172000000.0,-15314000000.0,,160000000.0,150000000.0,-780000000.0,67000000.0,,-168000000.0,-542000000.0,15817000000.0,897000000.0,152000000.0,152000000.0,1220000000.0,1220000000.0,20058000000.0,V,-1773000000.0,-1773000000.0,-2562000000.0,,789000000.0,1684000000.0,2685000000.0,2685000000.0,5549000000.0,,5549000000.0,1863000000.0,,,47525000000.0,27646000000.0,19879000000.0,1004000000.0,,,,,,,420000000.0,,,,,,,87000000.0,,,745000000.0,4568000000.0,191000000.0,,396000000.0,930000000.0,,,,,,21934000000.0,,,,,205000000.0,,,,,,,,,,,,,,,,,,,,,,,2562000000.0,,,,,,745000000.0,,,,,,,,,,,,,,1220000000.0,1220000000.0,-124000000.0,575000000.0,-32000000.0,12000000.0,6615000000.0,87000000.0,,,,,,,,,,,,,,,,,,
2024-09-30,87242849.974912,0.174486,25091000000.0,19743000000.0,1034000000.0,7042000000.0,25591000000.0,24557000000.0,-641000000.0,641000000.0,,19330242849.97491,19743000000.0,11869000000.0,23595000000.0,2399000000.0,1991000000.0,9.73,9.74,19457000000.0,19457000000.0,19743000000.0,19743000000.0,19743000000.0,4173000000.0,23916000000.0,500000000.0,,-641000000.0,641000000.0,,24057000000.0,4827000000.0,,3793000000.0,28884000000.0,7042000000.0,35926000000.0,46493000000.0,,1980512564.0,1980512564.0,8861000000.0,20836000000.0,-7724000000.0,58942000000.0,7516000000.0,-6693000000.0,,38106000000.0,59973000000.0,39137000000.0,39137000000.0,-308000000.0,-213000000.0,17289000000.0,1031000000.0,0.0,55374000000.0,28857000000.0,2720000000.0,,20836000000.0,,20836000000.0,26517000000.0,12599000000.0,,,,,,,,12380000000.0,6636000000.0,5744000000.0,,,479000000.0,94511000000.0,60478000000.0,8279000000.0,,,2545000000.0,,2545000000.0,,3824000000.0,-5473000000.0,9297000000.0,,,7961000000.0,72000000.0,0.0,34033000000.0,5230000000.0,,7015000000.0,4454000000.0,2561000000.0,15175000000.0,3200000000.0,11975000000.0,,,18693000000.0,-16713000000.0,0.0,0.0,,-1257000000.0,583000000.0,5775000000.0,19763000000.0,21990000000.0,-2609000000.0,-20633000000.0,-20633000000.0,-38000000.0,-4217000000.0,,-16713000000.0,-16713000000.0,,0.0,,0.0,0.0,0.0,-1926000000.0,-1926000000.0,-93000000.0,339000000.0,5013000000.0,-4674000000.0,-915000000.0,-915000000.0,-1257000000.0,-1257000000.0,19950000000.0,19950000000.0,-15432000000.0,-14067000000.0,,-199000000.0,1246000000.0,1950000000.0,109000000.0,,-2412000000.0,-237000000.0,13761000000.0,850000000.0,-100000000.0,-100000000.0,1034000000.0,1034000000.0,19743000000.0,V,500000000.0,500000000.0,-462000000.0,,962000000.0,1560000000.0,2233000000.0,2233000000.0,5301000000.0,,5301000000.0,1538000000.0,,,45830000000.0,26889000000.0,18941000000.0,1042000000.0,,,,,,,382000000.0,,,,,,955000000.0,94000000.0,,,1031000000.0,5265000000.0,222000000.0,,335000000.0,-704000000.0,79000000.0,79000000.0,,,,21229000000.0,,,,,286000000.0,,,,,,,,,,,,,,,,,,,,,,,462000000.0,,,,,,1031000000.0,,,,,,,,,,,,,,1034000000.0,1034000000.0,-104000000.0,-109000000.0,-16000000.0,30000000.0,6613000000.0,94000000.0,,,,,,,,,,,,,,,,,,
2023-09-30,-44034000.0,0.179,22870000000.0,17273000000.0,943000000.0,6567000000.0,22624000000.0,21681000000.0,-644000000.0,644000000.0,,17474966000.0,17273000000.0,10726000000.0,21000000000.0,2507000000.0,2040000000.0,8.28,8.29,16989000000.0,16989000000.0,17273000000.0,17273000000.0,17273000000.0,3764000000.0,21037000000.0,-246000000.0,,-644000000.0,644000000.0,,21927000000.0,4159000000.0,,3216000000.0,26086000000.0,6567000000.0,32653000000.0,42471000000.0,,2031761500.0,2031761500.0,4177000000.0,20463000000.0,-7066000000.0,57498000000.0,10434000000.0,-5368000000.0,,37035000000.0,59196000000.0,38733000000.0,38733000000.0,-1317000000.0,-177000000.0,18040000000.0,1698000000.0,0.0,51766000000.0,28668000000.0,3091000000.0,,20463000000.0,,20463000000.0,23098000000.0,11182000000.0,,,,,,,,10410000000.0,6766000000.0,3644000000.0,,,375000000.0,90499000000.0,56967000000.0,7520000000.0,,,1921000000.0,,1921000000.0,,3425000000.0,-5355000000.0,8780000000.0,,,7343000000.0,71000000.0,0.0,33532000000.0,4161000000.0,,4474000000.0,2183000000.0,2291000000.0,20128000000.0,3842000000.0,16286000000.0,,,19696000000.0,-12101000000.0,-2250000000.0,0.0,,-1059000000.0,617000000.0,3433000000.0,21990000000.0,20377000000.0,977000000.0,-17772000000.0,-17772000000.0,70000000.0,-3751000000.0,-3751000000.0,-12101000000.0,-12101000000.0,,-2250000000.0,,-2250000000.0,-2250000000.0,0.0,-2006000000.0,-2006000000.0,-25000000.0,-922000000.0,3562000000.0,-4484000000.0,0.0,0.0,-1059000000.0,-1059000000.0,20755000000.0,20755000000.0,-10022000000.0,-11014000000.0,,-24000000.0,1426000000.0,-160000000.0,34000000.0,,-410000000.0,-250000000.0,12175000000.0,765000000.0,-483000000.0,-483000000.0,943000000.0,943000000.0,17273000000.0,V,-246000000.0,-246000000.0,-927000000.0,,681000000.0,1341000000.0,1875000000.0,1875000000.0,5114000000.0,,5114000000.0,1506000000.0,,,44101000000.0,26104000000.0,17997000000.0,1022000000.0,,,,,,,636000000.0,,,,,,867000000.0,104000000.0,,,1698000000.0,3269000000.0,344000000.0,,260000000.0,1586000000.0,76000000.0,76000000.0,,,,20452000000.0,,,,,284000000.0,,,,,,,,,,,,,,,,,,,,,,,927000000.0,,,,,,1698000000.0,,,,,,,,,,,,,,943000000.0,943000000.0,-140000000.0,-921000000.0,-155000000.0,-64000000.0,4769000000.0,104000000.0,,,,,,,,,,,,,,,,,,
2022-09-30,-176225000.0,0.175,20542000000.0,14957000000.0,861000000.0,5733000000.0,19535000000.0,18674000000.0,-538000000.0,538000000.0,,15787775000.0,14957000000.0,9629000000.0,18813000000.0,2558000000.0,2073000000.0,7.0,7.01,14630000000.0,14630000000.0,14957000000.0,14957000000.0,14957000000.0,3179000000.0,18136000000.0,-1007000000.0,,-538000000.0,538000000.0,,19681000000.0,3896000000.0,,3035000000.0,23577000000.0,5733000000.0,29310000000.0,37614000000.0,,2086435000.0,2086435000.0,6761000000.0,22450000000.0,-9595000000.0,55707000000.0,9352000000.0,-7271000000.0,,33257000000.0,55781000000.0,35581000000.0,35581000000.0,-2369000000.0,418000000.0,16116000000.0,2324000000.0,0.0,49920000000.0,29067000000.0,3535000000.0,,20200000000.0,,20200000000.0,20853000000.0,8441000000.0,,,2250000000.0,,2250000000.0,2250000000.0,,8803000000.0,5182000000.0,3621000000.0,,,340000000.0,85501000000.0,55296000000.0,7085000000.0,,,2136000000.0,,2136000000.0,,3223000000.0,-5658000000.0,8881000000.0,,,7521000000.0,72000000.0,0.0,30205000000.0,3940000000.0,,3952000000.0,1932000000.0,2020000000.0,18522000000.0,2833000000.0,15689000000.0,,,17879000000.0,-11589000000.0,-1000000000.0,3218000000.0,,-970000000.0,607000000.0,3741000000.0,20377000000.0,19799000000.0,1865000000.0,-12696000000.0,-12696000000.0,-318000000.0,-3203000000.0,-3203000000.0,-11589000000.0,-11589000000.0,,2218000000.0,,2218000000.0,-1000000000.0,3218000000.0,-4288000000.0,-4288000000.0,128000000.0,-1498000000.0,4585000000.0,-6083000000.0,-1948000000.0,-1948000000.0,-970000000.0,-970000000.0,18849000000.0,18849000000.0,-7657000000.0,-9351000000.0,,-666000000.0,2854000000.0,1323000000.0,67000000.0,,-494000000.0,-97000000.0,10158000000.0,602000000.0,-336000000.0,-336000000.0,861000000.0,861000000.0,14957000000.0,V,-1007000000.0,-1007000000.0,-868000000.0,,-139000000.0,1336000000.0,1699000000.0,1699000000.0,5332000000.0,,5332000000.0,1359000000.0,,,42852000000.0,25065000000.0,17787000000.0,1003000000.0,,,,,,,-1287000000.0,,,,,,771000000.0,264000000.0,,,2324000000.0,3281000000.0,285000000.0,,196000000.0,1531000000.0,90000000.0,90000000.0,,,,19545000000.0,,,,,327000000.0,,,2668000000.0,,,,,,,,,,,,,,,,,,,,868000000.0,,,,,,2324000000.0,,,,,,,,,,,,,,861000000.0,861000000.0,-35000000.0,-2512000000.0,-169000000.0,-106000000.0,3791000000.0,264000000.0,,,,,,,,,,,,,,,,,,
2025-01-31,0.0,0.234,42010000000.0,19436000000.0,12973000000.0,511753000000.0,42010000000.0,29037000000.0,-2245000000.0,2728000000.0,483000000.0,19436000000.0,19436000000.0,651637000000.0,29348000000.0,8081000000.0,8041000000.0,2.41,2.42,19436000000.0,19436000000.0,19436000000.0,20157000000.0,20157000000.0,6152000000.0,26309000000.0,-794000000.0,-794000000.0,-2245000000.0,2728000000.0,483000000.0,29348000000.0,139884000000.0,,139884000000.0,169232000000.0,511753000000.0,680985000000.0,680985000000.0,,8024000000.0,8024000000.0,30030000000.0,60114000000.0,62221000000.0,130080000000.0,-17126000000.0,62221000000.0,21047000000.0,91013000000.0,124414000000.0,97692000000.0,91013000000.0,-13605000000.0,-944000000.0,98313000000.0,802000000.0,802000000.0,163131000000.0,66547000000.0,14398000000.0,,52149000000.0,18748000000.0,33401000000.0,96584000000.0,,2755000000.0,2755000000.0,7965000000.0,2299000000.0,5666000000.0,5666000000.0,,85864000000.0,23087000000.0,62777000000.0,4111000000.0,608000000.0,58666000000.0,260823000000.0,181365000000.0,12869000000.0,,,,,,,139704000000.0,-111624000000.0,251328000000.0,,19711000000.0,78899000000.0,19342000000.0,0.0,79458000000.0,4011000000.0,56435000000.0,9975000000.0,,9975000000.0,9037000000.0,,9037000000.0,,,12660000000.0,-4494000000.0,-3468000000.0,0.0,,-23783000000.0,2739000000.0,5884000000.0,9536000000.0,9935000000.0,242000000.0,-14822000000.0,-14822000000.0,-2384000000.0,-6688000000.0,-6688000000.0,-4494000000.0,-4494000000.0,,-1256000000.0,2212000000.0,-3468000000.0,-3468000000.0,0.0,-21379000000.0,-21379000000.0,-212000000.0,4080000000.0,4080000000.0,,-1896000000.0,-1896000000.0,-23351000000.0,-23783000000.0,36443000000.0,36443000000.0,181000000.0,,,,4042000000.0,3663000000.0,3228000000.0,-2755000000.0,-1106000000.0,,2889000000.0,,-635000000.0,-635000000.0,12973000000.0,12973000000.0,20157000000.0,WMT,,,,,,,,,,,,,,,28792000000.0,,28792000000.0,117973000000.0,,,,,,,-641000000.0,,435000000.0,435000000.0,,,,878000000.0,878000000.0,,,,15403000000.0,,,379000000.0,,,,139884000000.0,,5503000000.0,,,,432000000.0,,,,,,,,-721000000.0,,6679000000.0,,,,,,,,,,,,,,,,,,,,,,,,,,,,,,,,,,,,,-12661000000.0,,,,,,,,,,,,,,,,,,,,,,
2024-01-31,0.0,0.255,36384000000.0,15511000000.0,11853000000.0,490142000000.0,36384000000.0,24531000000.0,-2137000000.0,2683000000.0,546000000.0,15511000000.0,15511000000.0,621113000000.0,27012000000.0,8108000000.0,8077000000.0,1.91,1.92,15511000000.0,15511000000.0,15511000000.0,16270000000.0,16270000000.0,5578000000.0,21848000000.0,-3027000000.0,-3027000000.0,-2137000000.0,2683000000.0,546000000.0,27012000000.0,130971000000.0,,130971000000.0,157983000000.0,490142000000.0,648125000000.0,648125000000.0,,8054000001.0,8054000001.0,30590000000.0,61321000000.0,55748000000.0,124318000000.0,-15538000000.0,55748000000.0,20864000000.0,83861000000.0,119993000000.0,90571000000.0,83861000000.0,-11302000000.0,-895000000.0,89814000000.0,805000000.0,805000000.0,161828000000.0,69413000000.0,14629000000.0,,54784000000.0,18652000000.0,36132000000.0,92415000000.0,,2664000000.0,2664000000.0,6537000000.0,2212000000.0,4325000000.0,4325000000.0,,83214000000.0,22636000000.0,60578000000.0,3766000000.0,307000000.0,56812000000.0,252399000000.0,175522000000.0,17071000000.0,,,,,,,130338000000.0,-109049000000.0,239387000000.0,,19528000000.0,75140000000.0,19562000000.0,0.0,76877000000.0,3322000000.0,54892000000.0,8796000000.0,,8796000000.0,9867000000.0,,9867000000.0,,,15120000000.0,-2779000000.0,-4217000000.0,4967000000.0,,-20606000000.0,2519000000.0,5879000000.0,9935000000.0,8841000000.0,1025000000.0,-13414000000.0,-13414000000.0,-5757000000.0,-6140000000.0,-6140000000.0,-2779000000.0,-2779000000.0,,1262000000.0,512000000.0,750000000.0,-4217000000.0,4967000000.0,-21287000000.0,-21287000000.0,-922000000.0,0.0,0.0,,-9000000.0,-9000000.0,-20356000000.0,-20606000000.0,35726000000.0,35726000000.0,1943000000.0,,,,723000000.0,2047000000.0,2515000000.0,2017000000.0,-797000000.0,,2642000000.0,,-175000000.0,-175000000.0,11853000000.0,11853000000.0,16270000000.0,WMT,0.0,0.0,0.0,,,,,,,,,,,,28113000000.0,,28113000000.0,111767000000.0,,,,,,,69000000.0,,-468000000.0,-468000000.0,,,,3193000000.0,3193000000.0,,,,13390000000.0,,,-1324000000.0,,,,130971000000.0,,4544000000.0,,,,250000000.0,,,,,,,,-759000000.0,,6710000000.0,,,,,,,135000000.0,,,,,,,,,,,,,,,,,,,,0.0,,,,,,,,,,-10407000000.0,-18000000.0,,,,0.0,,,,,,,,,,,,,,,,,
2023-01-31,0.0,0.336,30089000000.0,11680000000.0,10945000000.0,463721000000.0,30089000000.0,19144000000.0,-1874000000.0,2128000000.0,254000000.0,11680000000.0,11680000000.0,590861000000.0,20428000000.0,8202000000.0,8171000000.0,1.42,1.43,11680000000.0,11680000000.0,11680000000.0,11292000000.0,11292000000.0,5724000000.0,17016000000.0,-1538000000.0,-1538000000.0,-1874000000.0,2128000000.0,254000000.0,20428000000.0,127140000000.0,,127140000000.0,147568000000.0,463721000000.0,611289000000.0,611289000000.0,,8100000000.0,8100000000.0,30587000000.0,58923000000.0,48519000000.0,115905000000.0,-16543000000.0,48519000000.0,19711000000.0,76693000000.0,111342000000.0,83991000000.0,76693000000.0,-11680000000.0,-857000000.0,83135000000.0,808000000.0,808000000.0,159206000000.0,67008000000.0,14688000000.0,,52320000000.0,17671000000.0,34649000000.0,92198000000.0,,2488000000.0,2488000000.0,6603000000.0,2040000000.0,4563000000.0,4563000000.0,,83107000000.0,25213000000.0,57894000000.0,4152000000.0,727000000.0,53742000000.0,243197000000.0,167542000000.0,20134000000.0,,,,,,,119234000000.0,-101610000000.0,220844000000.0,,18474000000.0,67697000000.0,19317000000.0,0.0,75655000000.0,2521000000.0,56576000000.0,7933000000.0,,7933000000.0,8625000000.0,,8625000000.0,,,11984000000.0,-9920000000.0,-2689000000.0,5041000000.0,,-16857000000.0,2051000000.0,3310000000.0,8841000000.0,14834000000.0,-5920000000.0,-17039000000.0,-17039000000.0,-3323000000.0,-6114000000.0,-6114000000.0,-9920000000.0,-9920000000.0,,2318000000.0,-34000000.0,2352000000.0,-2689000000.0,5041000000.0,-17722000000.0,-17722000000.0,-295000000.0,0.0,0.0,,-740000000.0,-740000000.0,-16687000000.0,-16857000000.0,28841000000.0,28841000000.0,2553000000.0,,,,2841000000.0,-1552000000.0,-1425000000.0,-528000000.0,240000000.0,,1919000000.0,,449000000.0,449000000.0,10945000000.0,10945000000.0,11292000000.0,WMT,0.0,0.0,0.0,,,,,,14688000000.0,,14688000000.0,,,,28174000000.0,,28174000000.0,104554000000.0,,,,,,,-73000000.0,,-127000000.0,-127000000.0,,,,1683000000.0,1683000000.0,,,,10802000000.0,,,4393000000.0,,,,127140000000.0,,4430000000.0,,,,170000000.0,,,,,,,,388000000.0,,7298000000.0,,,,,,,0.0,,,,,,,,,,,,,,,,,,,,0.0,,,,,,,,,,-10816000000.0,-7000000.0,,,,0.0,,,,,,,,,,,,,,,,,
2022-01-31,-612140000.0,0.254,33758000000.0,13673000000.0,10658000000.0,429000000000.0,31348000000.0,20690000000.0,-1836000000.0,1994000000.0,158000000.0,15470860000.0,13673000000.0,546812000000.0,25942000000.0,8415000000.0,8376000000.0,1.62,1.63,13673000000.0,13673000000.0,13673000000.0,13940000000.0,13940000000.0,4756000000.0,18696000000.0,-5410000000.0,-3000000000.0,-1836000000.0,1994000000.0,158000000.0,25942000000.0,117812000000.0,,117812000000.0,143754000000.0,429000000000.0,572754000000.0,572754000000.0,,8283000000.0,8283000000.0,23317000000.0,57323000000.0,54239000000.0,121330000000.0,-6309000000.0,54239000000.0,19246000000.0,83253000000.0,118117000000.0,91891000000.0,83253000000.0,-8766000000.0,-654000000.0,86904000000.0,276000000.0,276000000.0,152969000000.0,65590000000.0,13474000000.0,,52116000000.0,17252000000.0,34864000000.0,87379000000.0,21000000.0,2559000000.0,2559000000.0,5207000000.0,1994000000.0,3213000000.0,3213000000.0,,79613000000.0,20254000000.0,59359000000.0,4098000000.0,851000000.0,55261000000.0,244860000000.0,163790000000.0,22152000000.0,,,,,,,112624000000.0,-94809000000.0,207433000000.0,,18109000000.0,62545000000.0,19204000000.0,0.0,81070000000.0,1519000000.0,56511000000.0,8280000000.0,,8280000000.0,14760000000.0,,14760000000.0,,,11075000000.0,-9787000000.0,-13010000000.0,6945000000.0,,-13106000000.0,2237000000.0,5918000000.0,14834000000.0,17788000000.0,-4662000000.0,-22828000000.0,-22828000000.0,-1017000000.0,-6152000000.0,-6152000000.0,-9787000000.0,-9787000000.0,,-5872000000.0,193000000.0,-6065000000.0,-13010000000.0,6945000000.0,-6015000000.0,-6015000000.0,-879000000.0,,,,7576000000.0,-359000000.0,-12712000000.0,-13106000000.0,24181000000.0,24181000000.0,-6597000000.0,,,,6963000000.0,5559000000.0,5520000000.0,-11764000000.0,-1796000000.0,,1652000000.0,,-755000000.0,-755000000.0,10658000000.0,10658000000.0,13940000000.0,WMT,-2410000000.0,-2410000000.0,-2410000000.0,,,,,,13474000000.0,,13474000000.0,,,,29014000000.0,,29014000000.0,100376000000.0,,,,,,,-140000000.0,,39000000.0,39000000.0,,,,5283000000.0,2440000000.0,,,,7199000000.0,,,1404000000.0,,,,117812000000.0,,4839000000.0,,,,394000000.0,,,,1519000000.0,,,,-267000000.0,,8638000000.0,,,,,,,7935000000.0,,,,,2440000000.0,,2410000000.0,,,,,,,,,,,,,433000000.0,,,,,,,,,,-8100000000.0,-12000000.0,,,,1848000000.0,0.0,,,,,,,,,,,,,,,,
2021-01-31,,,,,,,,,,,,,,,,,,,,,,,,,,,,,,,,,,,,,,,,,,,,,,,,,,,,,,,,,,,,,,,,,,,12734000000.0,,,,,,,,,,,,,,,,,,,,,,,,,,,,,,,,,,,,,,,,,,,,,,,,,,,,,,,,,,,,,,,,,,,,,,,,,,,,,,,,,,,,,,,,,,,,,,,WMT,0.0,0.0,0.0,,,,,,14370000000.0,,14370000000.0,4698000000.0,,,,,,,,,,,,,,,,,-8589000000.0,,,,,,,,,,,,,,,,,,,,-324000000.0,,,,,20861000000.0,,,,,,,,,,,,,56000000.0,,,,,-8589000000.0,,,,,,,,,,,,,,,8401000000.0,,,,,,,,,,,-1986000000.0,0.0,,,-1848000000.0,0.0,,,,,,,,,,,,,,,,
2025-06-30,0.0,0.203,23921000000.0,15974000000.0,2847000000.0,41164000000.0,23921000000.0,21074000000.0,-438000000.0,907000000.0,469000000.0,15974000000.0,15974000000.0,63833000000.0,20451000000.0,2454400000.0,2350100000.0,6.51,6.67,15974000000.0,15682000000.0,15974000000.0,16065000000.0,16065000000.0,4102000000.0,20167000000.0,154000000.0,154000000.0,-438000000.0,907000000.0,469000000.0,20451000000.0,22669000000.0,,22669000000.0,43120000000.0,41164000000.0,84284000000.0,84284000000.0,1667300000.0,2341944000.0,4009244000.0,24951000000.0,35463000000.0,-12325000000.0,85742000000.0,-10666000000.0,-11548000000.0,956000000.0,51235000000.0,77007000000.0,52284000000.0,52012000000.0,-12143000000.0,-12143000000.0,129973000000.0,4786000000.0,4009000000.0,72947000000.0,36889000000.0,566000000.0,701000000.0,25696000000.0,701000000.0,24995000000.0,36058000000.0,3547000000.0,,,9767000000.0,255000000.0,9512000000.0,5404000000.0,4108000000.0,20548000000.0,4144000000.0,16404000000.0,1177000000.0,,15227000000.0,125231000000.0,99838000000.0,12381000000.0,,,,,,,23897000000.0,-30284000000.0,54181000000.0,,,40077000000.0,979000000.0,0.0,25392000000.0,2100000000.0,7551000000.0,6185000000.0,,6185000000.0,9556000000.0,,9556000000.0,,,14044000000.0,-6500000000.0,-9627000000.0,10257000000.0,,-3773000000.0,896000000.0,4554000000.0,9556000000.0,9482000000.0,-38000000.0,-14036000000.0,-14035000000.0,-1000000.0,-9872000000.0,,-6500000000.0,-6500000000.0,,630000000.0,370000000.0,260000000.0,-1977000000.0,2237000000.0,-3818000000.0,-3818000000.0,-34000000.0,,,,-11000000.0,-11000000.0,,,17817000000.0,17818000000.0,-821000000.0,,,,-542000000.0,-542000000.0,-542000000.0,-324000000.0,45000000.0,45000000.0,-1654000000.0,476000000.0,149000000.0,149000000.0,2847000000.0,2847000000.0,16065000000.0,PG,0.0,0.0,0.0,,,,,,5774000000.0,,5774000000.0,2007000000.0,,,63560000000.0,21910000000.0,41650000000.0,9190000000.0,,4516000000.0,1012000000.0,2022000000.0,,,112000000.0,8020000000.0,,,,0.0,,755000000.0,,,777000000.0,,3935000000.0,,1707000000.0,,,,,,138702000000.0,68770000000.0,,1000000.0,-7650000000.0,,,,,,,,291000000.0,-91000000.0,,272000000.0,,,,,189000000.0,293000000.0,,,,,,,291000000.0,,,,,,,777000000.0,,,,,,,,,0.0,,3717000000.0,,,,,-672000000.0,,,,,,,,435000000.0,3717000000.0,-3773000000.0,,,,,,,,,,,,,
2024-06-30,-270882000.0,0.202,23923000000.0,14879000000.0,2896000000.0,40848000000.0,22582000000.0,19686000000.0,-452000000.0,925000000.0,473000000.0,15949118000.0,14879000000.0,64153000000.0,18545000000.0,2471900000.0,2407605178.0,6.02,6.18,14879000000.0,14595000000.0,14879000000.0,14974000000.0,14974000000.0,3787000000.0,18761000000.0,-673000000.0,668000000.0,-452000000.0,925000000.0,473000000.0,19886000000.0,23305000000.0,,23305000000.0,43191000000.0,40848000000.0,84039000000.0,84039000000.0,1652200000.0,2357050915.0,4009250915.0,22978000000.0,33369000000.0,-12862000000.0,81948000000.0,-8918000000.0,-12064000000.0,909000000.0,49488000000.0,75555000000.0,50558000000.0,50286000000.0,-11900000000.0,-11900000000.0,123811000000.0,4807000000.0,4009000000.0,71812000000.0,38185000000.0,557000000.0,1315000000.0,25935000000.0,666000000.0,25269000000.0,33627000000.0,3006000000.0,,,7434000000.0,243000000.0,7191000000.0,3864000000.0,3327000000.0,20860000000.0,4454000000.0,16406000000.0,1042000000.0,,15364000000.0,122370000000.0,97660000000.0,13158000000.0,,,,,,,22152000000.0,-27911000000.0,50063000000.0,,1000000.0,37507000000.0,895000000.0,0.0,24709000000.0,2093000000.0,7016000000.0,6118000000.0,,6118000000.0,9482000000.0,,9482000000.0,,,16524000000.0,-5006000000.0,-10024000000.0,7582000000.0,,-3322000000.0,878000000.0,4363000000.0,9482000000.0,8246000000.0,1487000000.0,-14855000000.0,-14855000000.0,,-9312000000.0,,-5006000000.0,-5006000000.0,,-2442000000.0,-3304000000.0,862000000.0,-2335000000.0,3197000000.0,-3504000000.0,-3504000000.0,-161000000.0,,,,-21000000.0,-21000000.0,,,19846000000.0,19847000000.0,42000000.0,-1414000000.0,,,878000000.0,878000000.0,878000000.0,-70000000.0,-766000000.0,-766000000.0,490000000.0,562000000.0,-244000000.0,-244000000.0,2896000000.0,2896000000.0,14974000000.0,PG,-1341000000.0,-1341000000.0,-1341000000.0,,,,,,6516000000.0,,6516000000.0,2161000000.0,,,62350000000.0,22047000000.0,40303000000.0,8534000000.0,,4470000000.0,929000000.0,1617000000.0,,,-251000000.0,4385000000.0,,,,1341000000.0,,-215000000.0,,,798000000.0,,3126000000.0,,1905000000.0,,,,,,133379000000.0,67684000000.0,,,-7689000000.0,,,,,,,,284000000.0,-95000000.0,,272000000.0,,,,,166000000.0,282000000.0,,,,,,,284000000.0,,,,,,,798000000.0,,,,,,,,,1341000000.0,,3537000000.0,,,,,-737000000.0,,,,,,,,325000000.0,3537000000.0,-3322000000.0,,,,,,,,,,,,,
2023-06-30,0.0,0.017,21823000000.0,14653000000.0,2714000000.0,42760000000.0,21823000000.0,19109000000.0,-449000000.0,756000000.0,307000000.0,14653000000.0,14653000000.0,63872000000.0,18134000000.0,2483900000.0,2414003295.0,5.9,6.07,14653000000.0,14371000000.0,14653000000.0,14738000000.0,14738000000.0,3615000000.0,18353000000.0,668000000.0,668000000.0,-449000000.0,756000000.0,307000000.0,18134000000.0,21112000000.0,,21112000000.0,39246000000.0,42760000000.0,82006000000.0,82006000000.0,1647100000.0,2362100000.0,4009200000.0,26361000000.0,35424000000.0,-18484000000.0,80565000000.0,-13108000000.0,-17665000000.0,817000000.0,45958000000.0,71155000000.0,47065000000.0,46777000000.0,-12220000000.0,-12220000000.0,118170000000.0,4828000000.0,4009000000.0,73764000000.0,38008000000.0,530000000.0,1776000000.0,24973000000.0,595000000.0,24378000000.0,35756000000.0,3546000000.0,,,10451000000.0,222000000.0,10229000000.0,3993000000.0,6236000000.0,19555000000.0,4129000000.0,15426000000.0,828000000.0,,14598000000.0,120829000000.0,98181000000.0,11830000000.0,,,,,,,21909000000.0,-26736000000.0,48645000000.0,,,36521000000.0,867000000.0,0.0,22648000000.0,1858000000.0,7073000000.0,5471000000.0,,5471000000.0,8246000000.0,,8246000000.0,,,13786000000.0,-7353000000.0,-18228000000.0,21165000000.0,,-3062000000.0,721000000.0,4278000000.0,8246000000.0,7214000000.0,1202000000.0,-12146000000.0,-12146000000.0,,-8999000000.0,,-7353000000.0,-7353000000.0,,2937000000.0,818000000.0,2119000000.0,-1878000000.0,3997000000.0,-3500000000.0,-3500000000.0,327000000.0,,,,-765000000.0,-765000000.0,,,16848000000.0,16848000000.0,-873000000.0,-1107000000.0,,,-447000000.0,-447000000.0,-447000000.0,-119000000.0,-307000000.0,-307000000.0,217000000.0,545000000.0,-453000000.0,-453000000.0,2714000000.0,2714000000.0,14738000000.0,PG,0.0,0.0,0.0,,,,,,6478000000.0,,6478000000.0,2030000000.0,,,64442000000.0,23783000000.0,40659000000.0,8277000000.0,,4254000000.0,956000000.0,1863000000.0,,,-170000000.0,17168000000.0,,,,0.0,,-40000000.0,,,819000000.0,,2980000000.0,,1269000000.0,,,,,,129736000000.0,66556000000.0,,,-16350000000.0,,,,,,,,282000000.0,-85000000.0,,288000000.0,,,,,174000000.0,235000000.0,,,,,,,282000000.0,,,,,,,819000000.0,,,,,,,,,0.0,,3806000000.0,,,,,-821000000.0,,-821000000.0,,,,,,445000000.0,3806000000.0,-3062000000.0,,,,,,,,,,,,,
2022-06-30,0.0,0.178,21241000000.0,14742000000.0,2807000000.0,42157000000.0,21241000000.0,18434000000.0,-388000000.0,439000000.0,51000000.0,14742000000.0,14742000000.0,62374000000.0,17813000000.0,2539100000.0,2457000000.0,5.81,6.0,14742000000.0,14461000000.0,14742000000.0,14793000000.0,14793000000.0,3202000000.0,17995000000.0,570000000.0,570000000.0,-388000000.0,439000000.0,51000000.0,17813000000.0,20217000000.0,,20217000000.0,38030000000.0,42157000000.0,80187000000.0,80187000000.0,1615400000.0,2393800000.0,4009200000.0,24279000000.0,32293000000.0,-17633000000.0,77239000000.0,-11428000000.0,-16790000000.0,800000000.0,45746000000.0,69437000000.0,46854000000.0,46589000000.0,-12189000000.0,-12189000000.0,112429000000.0,4852000000.0,4009000000.0,70354000000.0,37273000000.0,490000000.0,2413000000.0,23443000000.0,595000000.0,22848000000.0,33081000000.0,2940000000.0,,,8850000000.0,205000000.0,8645000000.0,3840000000.0,4805000000.0,19347000000.0,3878000000.0,15469000000.0,587000000.0,,14882000000.0,117208000000.0,95555000000.0,10981000000.0,,,,,,,21195000000.0,-25502000000.0,46697000000.0,,,35098000000.0,756000000.0,0.0,21653000000.0,2372000000.0,6924000000.0,5143000000.0,,5143000000.0,7214000000.0,,7214000000.0,,,13567000000.0,-10003000000.0,-13821000000.0,15713000000.0,,-3156000000.0,451000000.0,3818000000.0,7214000000.0,10288000000.0,-2577000000.0,-14876000000.0,-14876000000.0,,-8770000000.0,,-10003000000.0,-10003000000.0,,1892000000.0,-150000000.0,2042000000.0,-2343000000.0,4385000000.0,-4424000000.0,-4424000000.0,113000000.0,3000000.0,3000000.0,0.0,-1381000000.0,-1381000000.0,,,16723000000.0,16723000000.0,-1147000000.0,-635000000.0,,,1429000000.0,1429000000.0,1429000000.0,-1247000000.0,-694000000.0,-694000000.0,229000000.0,528000000.0,-402000000.0,-402000000.0,2807000000.0,2807000000.0,14793000000.0,PG,0.0,0.0,0.0,,,,,,6809000000.0,,6809000000.0,1797000000.0,,,63379000000.0,23679000000.0,39700000000.0,8087000000.0,,3900000000.0,856000000.0,2168000000.0,,,-497000000.0,11328000000.0,,,,0.0,,-85000000.0,,,843000000.0,,2756000000.0,,2005000000.0,,,,,,123382000000.0,65795000000.0,,,-11478000000.0,,,,,2372000000.0,,,281000000.0,-51000000.0,,265000000.0,,,,,147000000.0,,,,,,,,281000000.0,,,,,,,843000000.0,,,,,,,,,0.0,,3811000000.0,,,,,-916000000.0,,-916000000.0,,,,,,307000000.0,3811000000.0,-3156000000.0,,,,,,,,,,,,,
2024-12-31,-2002710000.0,0.241,36386000000.0,14405000000.0,4099000000.0,310879000000.0,28076000000.0,23977000000.0,-3906000000.0,3906000000.0,,20712290000.0,14405000000.0,367991000000.0,32287000000.0,929000000.0,915000000.0,15.51,15.743169,14405000000.0,14405000000.0,14405000000.0,15242000000.0,15242000000.0,4829000000.0,20071000000.0,-8310000000.0,,-3906000000.0,3906000000.0,,32287000000.0,57112000000.0,,,89399000000.0,310879000000.0,400278000000.0,400278000000.0,,915000000.0,915000000.0,51592000000.0,76904000000.0,-37344000000.0,169562000000.0,-17990000000.0,-37344000000.0,,92658000000.0,165017000000.0,102591000000.0,92658000000.0,-3387000000.0,-3387000000.0,96036000000.0,9000000.0,9000000.0,195687000000.0,91918000000.0,15939000000.0,,72359000000.0,,72359000000.0,103769000000.0,27346000000.0,3317000000.0,3317000000.0,4545000000.0,,4545000000.0,,,68561000000.0,,68561000000.0,,,68561000000.0,298278000000.0,212499000000.0,19590000000.0,,,52354000000.0,,,,10553000000.0,-6971000000.0,17524000000.0,,,12945000000.0,364000000.0,0.0,85779000000.0,8212000000.0,,48454000000.0,26089000000.0,22365000000.0,29113000000.0,3801000000.0,25312000000.0,,,20705000000.0,-9000000000.0,-3000000000.0,17811000000.0,1846000000.0,-3499000000.0,3594000000.0,4620000000.0,25312000000.0,25427000000.0,165000000.0,-3512000000.0,-3512000000.0,-3485000000.0,-7533000000.0,-7533000000.0,-7154000000.0,-9000000000.0,1846000000.0,14660000000.0,-151000000.0,14811000000.0,-3000000000.0,17811000000.0,-20527000000.0,-20527000000.0,-4145000000.0,525000000.0,27833000000.0,-27308000000.0,-13408000000.0,-13408000000.0,-3499000000.0,-3499000000.0,24204000000.0,24204000000.0,-808000000.0,-197000000.0,,-4140000000.0,4966000000.0,4966000000.0,2463000000.0,,-1437000000.0,-1437000000.0,-3361000000.0,1018000000.0,-296000000.0,-296000000.0,4099000000.0,4099000000.0,15242000000.0,UNH,-8310000000.0,-8310000000.0,-8310000000.0,,,,,,3620000000.0,,3620000000.0,,,,130002000000.0,23268000000.0,106734000000.0,4215000000.0,,,,,-985000000.0,23350000000.0,-61000000.0,,,,,,,8310000000.0,,,0.0,,,,,,,,,53013000000.0,,,,,,,,,,,,,,-837000000.0,,9933000000.0,,,,,,,,,,,,,,,,,,,,,,,,,,,8310000000.0,,,,,,,4099000000.0,4099000000.0,,,,,,,-219000000.0,,,,,-8310000000.0,,,,,,,,,,,,
2023-12-31,0.0,0.205,36330000000.0,22381000000.0,3972000000.0,280664000000.0,36330000000.0,32358000000.0,-3246000000.0,3246000000.0,,22381000000.0,22381000000.0,339264000000.0,32358000000.0,938000000.0,924000000.0,23.86,24.221861,22381000000.0,22381000000.0,22381000000.0,23144000000.0,23144000000.0,5968000000.0,29112000000.0,4089000000.0,,-3246000000.0,3246000000.0,,32358000000.0,58600000000.0,,,90958000000.0,280664000000.0,371622000000.0,371622000000.0,,924000000.0,924000000.0,37110000000.0,62537000000.0,-30170000000.0,151293000000.0,-20617000000.0,-30170000000.0,,88756000000.0,147019000000.0,98919000000.0,88756000000.0,-7027000000.0,-7027000000.0,95774000000.0,9000000.0,9000000.0,174801000000.0,75747000000.0,14463000000.0,,58263000000.0,,58263000000.0,99054000000.0,27072000000.0,3355000000.0,3355000000.0,4274000000.0,,4274000000.0,,,64353000000.0,,64353000000.0,,,64353000000.0,273720000000.0,195283000000.0,17298000000.0,,,47609000000.0,,,,11450000000.0,-7039000000.0,18489000000.0,,,12204000000.0,712000000.0,0.0,78437000000.0,9839000000.0,,38970000000.0,17694000000.0,21276000000.0,29628000000.0,4201000000.0,25427000000.0,,,25682000000.0,-8000000000.0,-2125000000.0,6394000000.0,1353000000.0,-3386000000.0,3035000000.0,6078000000.0,25427000000.0,23365000000.0,1965000000.0,-11529000000.0,-11529000000.0,-2401000000.0,-6761000000.0,-6761000000.0,-6647000000.0,-8000000000.0,1353000000.0,4280000000.0,11000000.0,4269000000.0,-2125000000.0,6394000000.0,-15574000000.0,-15574000000.0,-275000000.0,-1777000000.0,16537000000.0,-18314000000.0,-10136000000.0,-10136000000.0,-3386000000.0,-3386000000.0,29068000000.0,29068000000.0,1643000000.0,203000000.0,,-2444000000.0,6998000000.0,6998000000.0,3516000000.0,,-3114000000.0,-3114000000.0,-505000000.0,1059000000.0,-245000000.0,-245000000.0,3972000000.0,3972000000.0,23144000000.0,UNH,0.0,0.0,0.0,,4089000000.0,,,,3021000000.0,,3021000000.0,,,,118926000000.0,15194000000.0,103732000000.0,5573000000.0,,,,,-1000000000.0,22276000000.0,97000000.0,,,,,,,,,,0.0,,,,,,,,,54628000000.0,,,,,,,,,,,,,,-763000000.0,,10163000000.0,,,,,,,,,,,,,,,,,,,,,,,,,,,0.0,,,,,,,3972000000.0,3972000000.0,,,,,,,0.0,,,,,0.0,,,,,,,,,,,,
2022-12-31,0.0,0.217,31835000000.0,20120000000.0,3400000000.0,244545000000.0,31835000000.0,28435000000.0,-2092000000.0,2092000000.0,,20120000000.0,20120000000.0,295727000000.0,28435000000.0,950000000.0,934000000.0,21.18,21.541756,20120000000.0,20120000000.0,20120000000.0,20639000000.0,20639000000.0,5704000000.0,26343000000.0,2030000000.0,,-2092000000.0,2092000000.0,,28435000000.0,51182000000.0,,,79617000000.0,244545000000.0,324162000000.0,324162000000.0,,934000000.0,934000000.0,34258000000.0,57623000000.0,-29981000000.0,135395000000.0,-20168000000.0,-29981000000.0,,77772000000.0,132285000000.0,86347000000.0,77772000000.0,-8393000000.0,-8393000000.0,86156000000.0,9000000.0,9000000.0,159358000000.0,70121000000.0,12839000000.0,,54513000000.0,,54513000000.0,89237000000.0,26281000000.0,3075000000.0,3075000000.0,3110000000.0,,3110000000.0,,,56771000000.0,,56771000000.0,,,56771000000.0,245705000000.0,176636000000.0,15027000000.0,,,43728000000.0,,,,10128000000.0,-6930000000.0,17058000000.0,,,10842000000.0,697000000.0,0.0,69069000000.0,10708000000.0,,30450000000.0,12769000000.0,17681000000.0,27911000000.0,4546000000.0,23365000000.0,,,23404000000.0,-7000000000.0,-3015000000.0,14819000000.0,1253000000.0,-2802000000.0,1945000000.0,5222000000.0,23365000000.0,21375000000.0,1956000000.0,4226000000.0,4226000000.0,3428000000.0,-5991000000.0,-5991000000.0,-5747000000.0,-7000000000.0,1253000000.0,12536000000.0,732000000.0,11804000000.0,-3015000000.0,14819000000.0,-28476000000.0,-28476000000.0,2621000000.0,-6837000000.0,11988000000.0,-18825000000.0,-21458000000.0,-21458000000.0,-2802000000.0,-2802000000.0,26206000000.0,26206000000.0,2246000000.0,126000000.0,-1374000000.0,-1374000000.0,6017000000.0,6017000000.0,1964000000.0,,-2523000000.0,-2523000000.0,-331000000.0,925000000.0,-673000000.0,-673000000.0,3400000000.0,3400000000.0,20639000000.0,UNH,0.0,0.0,0.0,,2030000000.0,,,,2769000000.0,,2769000000.0,,,,107753000000.0,14401000000.0,93352000000.0,5519000000.0,,,,,-877000000.0,18558000000.0,34000000.0,,,,,,,,,,0.0,,,,,,,,,47782000000.0,,,,,,,,,,,,,,-519000000.0,,8575000000.0,,,,,,,,,,,,,,,,,,,,,,,,,,,0.0,,,,,,,3400000000.0,3400000000.0,,,,,,,0.0,,,,,0.0,,,,,,,,,,,,
2021-12-31,0.0,0.205,27073000000.0,17285000000.0,3103000000.0,217945000000.0,27073000000.0,23970000000.0,-1660000000.0,1660000000.0,,17285000000.0,17285000000.0,263627000000.0,23970000000.0,956000000.0,943000000.0,18.08,18.33,17285000000.0,17285000000.0,17285000000.0,17732000000.0,17732000000.0,4578000000.0,22310000000.0,2324000000.0,,-1660000000.0,1660000000.0,,23970000000.0,45682000000.0,,,69652000000.0,217945000000.0,287597000000.0,287597000000.0,,941000000.0,941000000.0,24628000000.0,46003000000.0,-14079000000.0,117763000000.0,-16534000000.0,-14079000000.0,,71760000000.0,114143000000.0,76479000000.0,71760000000.0,-5384000000.0,-5384000000.0,77134000000.0,10000000.0,10000000.0,135727000000.0,57435000000.0,11787000000.0,,42383000000.0,,42383000000.0,78292000000.0,22975000000.0,2571000000.0,2571000000.0,3620000000.0,,3620000000.0,,,49126000000.0,,49126000000.0,,,49126000000.0,212206000000.0,150448000000.0,12526000000.0,,,43114000000.0,,,,8969000000.0,-5992000000.0,14961000000.0,,,9577000000.0,502000000.0,0.0,61758000000.0,9769000000.0,,28082000000.0,13866000000.0,14216000000.0,23907000000.0,2532000000.0,21375000000.0,,,19889000000.0,-5000000000.0,-3150000000.0,6933000000.0,1355000000.0,-2454000000.0,1653000000.0,3966000000.0,21375000000.0,16921000000.0,4516000000.0,-7455000000.0,-7455000000.0,-1011000000.0,-5280000000.0,-5280000000.0,-3645000000.0,-5000000000.0,1355000000.0,2481000000.0,-1302000000.0,3783000000.0,-3150000000.0,6933000000.0,-10372000000.0,-10372000000.0,-1254000000.0,-1843000000.0,15296000000.0,-17139000000.0,-4821000000.0,-4821000000.0,-2454000000.0,-2454000000.0,22343000000.0,22343000000.0,1522000000.0,-310000000.0,-1031000000.0,-1031000000.0,3863000000.0,3863000000.0,1162000000.0,,-1000000000.0,-1000000000.0,-944000000.0,800000000.0,130000000.0,130000000.0,3103000000.0,3103000000.0,17732000000.0,UNH,2324000000.0,2324000000.0,,,2324000000.0,,,,3265000000.0,,3265000000.0,,,,85839000000.0,10044000000.0,75795000000.0,4882000000.0,,,,,-954000000.0,15170000000.0,-62000000.0,,,,,,,,,,0.0,,,,,,,,,42579000000.0,,0.0,,,,,,,,5320000000.0,,,,-447000000.0,,4719000000.0,,,,,,,,,,,,,,,,,,,,,,,,,,,,,,,,,,3103000000.0,3103000000.0,,,,,,,,,,,,,,,,,,,,,,,,
2020-12-31,,,,,,,,,,,,,,,,,,,,,,,,,,,,,,,,,,,,,,,,,,,,,,,,,,,,,,,,,,,,,,,,,,,,,,,,,,,,,,,,,,,,,,,,,,,,,,,,,,,,,,,,,,,,,,,,,,,,,,,,,,,,,,,,,,,,,,,,,,,,,,,,,,,-2195000000.0,,,,,,,,,,,,,,,UNH,,,,,1502000000.0,,,,,,,,,,,,,,,,,,,,,,,,,,,,,,,,,,,,,,,,,0.0,,,,,,,,4457000000.0,,,,,,,2211000000.0,,,,,,,,,,,,,,,,,,,,,,,,,,,,,,,,,,,,,,,,,,,,,,,,,,,,,,,,,,
2025-01-31,0.0,0.237,25488000000.0,14806000000.0,3761000000.0,105479000000.0,25488000000.0,21727000000.0,-2120000000.0,2321000000.0,201000000.0,14806000000.0,14806000000.0,137988000000.0,21526000000.0,993000000.0,990000000.0,14.91,14.96,14806000000.0,14806000000.0,14806000000.0,14806000000.0,14806000000.0,4600000000.0,19406000000.0,,,-2120000000.0,2321000000.0,201000000.0,21526000000.0,31782000000.0,,28748000000.0,53308000000.0,106206000000.0,159514000000.0,159514000000.0,806000000.0,994000000.0,1800000000.0,51724000000.0,62290000000.0,-21818000000.0,60023000000.0,3022000000.0,-21818000000.0,8907000000.0,6640000000.0,55125000000.0,6640000000.0,6640000000.0,-1129000000.0,-1129000000.0,89533000000.0,90000000.0,90000000.0,89479000000.0,60818000000.0,2738000000.0,,56118000000.0,7633000000.0,48485000000.0,28661000000.0,,2610000000.0,2610000000.0,6172000000.0,1274000000.0,4898000000.0,4898000000.0,,19879000000.0,6481000000.0,13398000000.0,1460000000.0,832000000.0,11938000000.0,96119000000.0,64436000000.0,684000000.0,,,,,,,35294000000.0,-29081000000.0,64375000000.0,2423000000.0,12637000000.0,18474000000.0,9060000000.0,0.0,31683000000.0,1670000000.0,23451000000.0,4903000000.0,584000000.0,4319000000.0,1659000000.0,,1659000000.0,,,16325000000.0,-649000000.0,-1536000000.0,10010000000.0,395000000.0,-3485000000.0,2199000000.0,3653000000.0,1659000000.0,3760000000.0,-1915000000.0,-694000000.0,-694000000.0,-301000000.0,-8929000000.0,-8929000000.0,-254000000.0,-649000000.0,395000000.0,8790000000.0,316000000.0,8474000000.0,-1536000000.0,10010000000.0,-21031000000.0,-21031000000.0,98000000.0,,,,-17644000000.0,-17644000000.0,,,19810000000.0,19810000000.0,694000000.0,-150000000.0,,86000000.0,1327000000.0,1327000000.0,518000000.0,-743000000.0,174000000.0,,107000000.0,442000000.0,,,3761000000.0,3761000000.0,14806000000.0,HD,,,,,,,,,1962000000.0,,1962000000.0,,,,28458000000.0,8983000000.0,19475000000.0,20260000000.0,,23451000000.0,,,,,-186000000.0,,809000000.0,809000000.0,,,3336000000.0,,,,,,1521000000.0,,,,425000000.0,425000000.0,,,95971000000.0,14117000000.0,,,,,,,,,,,,,,,,,,,,,,,,,,,,,,,,,,,,,,,,,,,,,,,,3034000000.0,3034000000.0,,,,,,,,,,,-3485000000.0,,,,,,,,,,,,,
2024-01-31,0.0,0.24,25114000000.0,15143000000.0,3247000000.0,101135000000.0,25114000000.0,21867000000.0,-1765000000.0,1943000000.0,178000000.0,15143000000.0,15143000000.0,130980000000.0,21689000000.0,1002000000.0,999000000.0,15.11,15.16,15143000000.0,15143000000.0,15143000000.0,15143000000.0,15143000000.0,4781000000.0,19924000000.0,-1000000.0,-1000000.0,-1765000000.0,1943000000.0,178000000.0,21689000000.0,29271000000.0,,26598000000.0,50960000000.0,101709000000.0,152669000000.0,152669000000.0,804000000.0,992000000.0,1796000000.0,40351000000.0,52243000000.0,-11017000000.0,45155000000.0,7760000000.0,-11017000000.0,8132000000.0,1044000000.0,43787000000.0,1044000000.0,1044000000.0,-477000000.0,-477000000.0,83656000000.0,90000000.0,90000000.0,75486000000.0,53471000000.0,2783000000.0,,49825000000.0,7082000000.0,42743000000.0,22015000000.0,,2762000000.0,2762000000.0,2418000000.0,1050000000.0,1368000000.0,1368000000.0,,16835000000.0,6321000000.0,10514000000.0,477000000.0,28000000.0,10037000000.0,76530000000.0,46755000000.0,656000000.0,,,,,,,34038000000.0,-27103000000.0,61141000000.0,2254000000.0,11971000000.0,16667000000.0,9027000000.0,0.0,29775000000.0,1711000000.0,20976000000.0,3328000000.0,575000000.0,2753000000.0,3760000000.0,,3760000000.0,,,17946000000.0,-7951000000.0,-1271000000.0,1995000000.0,323000000.0,-3226000000.0,1809000000.0,5023000000.0,3760000000.0,2757000000.0,1000000000.0,-15443000000.0,-15443000000.0,-156000000.0,-8383000000.0,-8383000000.0,-7628000000.0,-7951000000.0,323000000.0,724000000.0,0.0,724000000.0,-1271000000.0,1995000000.0,-4729000000.0,-4729000000.0,11000000.0,,,,-1514000000.0,-1514000000.0,,,21172000000.0,21172000000.0,2088000000.0,-563000000.0,,-184000000.0,-1436000000.0,-1436000000.0,-1411000000.0,4137000000.0,134000000.0,,314000000.0,380000000.0,,,3247000000.0,3247000000.0,15143000000.0,HD,,,,,,,,,863000000.0,,863000000.0,,,,12061000000.0,3606000000.0,8455000000.0,20030000000.0,,20976000000.0,,,,,3000000.0,,-25000000.0,-25000000.0,,,3061000000.0,,,,,,1192000000.0,,,,186000000.0,186000000.0,,,95372000000.0,13147000000.0,,,,,,,,,,,,,,,,,,,,,,,,,,,,,,,,,,,,,,,,,,,,,,,,2673000000.0,2673000000.0,,,,,,,,,,,-3226000000.0,,,,,,,,,,,,,
2023-01-31,0.0,0.239,27069000000.0,17105000000.0,2975000000.0,104105000000.0,27069000000.0,24094000000.0,-1562000000.0,1617000000.0,55000000.0,17105000000.0,17105000000.0,133364000000.0,24039000000.0,1025000000.0,1022000000.0,16.69,16.74,17105000000.0,17105000000.0,17105000000.0,17105000000.0,17105000000.0,5372000000.0,22477000000.0,1000000.0,1000000.0,-1562000000.0,1617000000.0,55000000.0,24039000000.0,28739000000.0,,26284000000.0,52778000000.0,104625000000.0,157403000000.0,157403000000.0,778000000.0,1016000000.0,1794000000.0,40436000000.0,50364000000.0,-5882000000.0,44755000000.0,9361000000.0,-5882000000.0,7171000000.0,1562000000.0,43524000000.0,1562000000.0,1562000000.0,-718000000.0,-718000000.0,76896000000.0,90000000.0,90000000.0,74883000000.0,51773000000.0,2566000000.0,,48188000000.0,6226000000.0,41962000000.0,23110000000.0,,3064000000.0,3064000000.0,2176000000.0,945000000.0,1231000000.0,1231000000.0,0.0,17870000000.0,5849000000.0,12021000000.0,578000000.0,50000000.0,11443000000.0,76445000000.0,43974000000.0,3958000000.0,,,,,,,32572000000.0,-26644000000.0,59216000000.0,2130000000.0,11076000000.0,16564000000.0,8719000000.0,0.0,32471000000.0,1511000000.0,24886000000.0,3317000000.0,495000000.0,2822000000.0,2757000000.0,,2757000000.0,,,11496000000.0,-6696000000.0,-2491000000.0,6942000000.0,264000000.0,-3119000000.0,1449000000.0,5435000000.0,2757000000.0,2343000000.0,482000000.0,-10993000000.0,-10993000000.0,-188000000.0,-7789000000.0,-7789000000.0,-6432000000.0,-6696000000.0,264000000.0,3416000000.0,-1035000000.0,4451000000.0,-2491000000.0,6942000000.0,-3140000000.0,-3140000000.0,-21000000.0,,,,0.0,0.0,,,14615000000.0,14615000000.0,-6102000000.0,-388000000.0,,-311000000.0,-2684000000.0,-2684000000.0,-2577000000.0,-2830000000.0,111000000.0,,271000000.0,366000000.0,,,2975000000.0,2975000000.0,17105000000.0,HD,,,,,,,,,1019000000.0,,1019000000.0,,,,7444000000.0,3323000000.0,7444000000.0,19430000000.0,,24886000000.0,,,,,-68000000.0,,-107000000.0,-107000000.0,,,2796000000.0,,,,,,1297000000.0,,,,179000000.0,179000000.0,,,87298000000.0,12592000000.0,,,,,,,,,,,,,,,,,,,,,,,,,,,,,,,,,,,,,,,,,,,,,,,,2455000000.0,2455000000.0,,,,,,,,,,,-3119000000.0,,,,,,,,,,,,,
2022-01-31,0.0,0.244,25946000000.0,16433000000.0,2862000000.0,99849000000.0,25946000000.0,23084000000.0,-1303000000.0,1347000000.0,44000000.0,16433000000.0,16433000000.0,128117000000.0,23040000000.0,1058000000.0,1054000000.0,15.53,15.59,16433000000.0,16433000000.0,16433000000.0,16433000000.0,16433000000.0,5304000000.0,21737000000.0,-35000000.0,-35000000.0,-1303000000.0,1347000000.0,44000000.0,23040000000.0,27792000000.0,,25406000000.0,50832000000.0,100325000000.0,151157000000.0,151157000000.0,757000000.0,1035000000.0,1792000000.0,37743000000.0,46269000000.0,-9145000000.0,38390000000.0,362000000.0,-9145000000.0,6183000000.0,-1696000000.0,34908000000.0,-1696000000.0,-1696000000.0,-704000000.0,-704000000.0,67580000000.0,90000000.0,90000000.0,73572000000.0,44879000000.0,2013000000.0,,41957000000.0,5353000000.0,36604000000.0,28693000000.0,,3596000000.0,3596000000.0,4312000000.0,830000000.0,3482000000.0,2447000000.0,1035000000.0,20785000000.0,6317000000.0,14468000000.0,1006000000.0,158000000.0,13462000000.0,71876000000.0,42821000000.0,4205000000.0,344000000.0,344000000.0,,,,,31167000000.0,-26130000000.0,57297000000.0,2016000000.0,9911000000.0,16441000000.0,8617000000.0,0.0,29055000000.0,1218000000.0,22068000000.0,3426000000.0,525000000.0,2901000000.0,2343000000.0,,2343000000.0,,,14005000000.0,-14809000000.0,-1532000000.0,2979000000.0,337000000.0,-2566000000.0,1269000000.0,5504000000.0,2343000000.0,7895000000.0,-5518000000.0,-19120000000.0,-19120000000.0,-145000000.0,-6985000000.0,-6985000000.0,-14472000000.0,-14809000000.0,337000000.0,2482000000.0,1035000000.0,1447000000.0,-1532000000.0,2979000000.0,-2969000000.0,-2969000000.0,18000000.0,,,,-421000000.0,-421000000.0,,,16571000000.0,16571000000.0,-3319000000.0,499000000.0,,-330000000.0,2350000000.0,2350000000.0,2401000000.0,-5403000000.0,-435000000.0,,196000000.0,399000000.0,-276000000.0,-276000000.0,2862000000.0,2862000000.0,16433000000.0,HD,,,,,,,,,909000000.0,,909000000.0,,58000000.0,,7449000000.0,3503000000.0,7449000000.0,19173000000.0,,22068000000.0,,,,,-34000000.0,,-51000000.0,-51000000.0,,,,,,,,,1139000000.0,,,,,,,,80794000000.0,12132000000.0,,,,,,,,,,,,,,,,,,,,,,,,,,,,,,,,,,,,,,,,,,,,,,,,2386000000.0,2386000000.0,,,,,,,,,,,-2566000000.0,,,,,,,,,,,,,
2021-01-31,,,,,,,,,,,,,,,,,,,,,,,,,,,,,,,,,,,,,,,,,,,,,,,,,,,,,,,,,,,,,,,,,,,,,,,,,,0.0,,,,,,,,,,305000000.0,305000000.0,,,,,,,,,,,,,,,,,,,,,,,,,,,,,,,,,,,,,,,,,,,,,,,,,,,,,,,,,,,,,,,,,,,,,,,,-569000000.0,-569000000.0,,,,HD,0.0,0.0,0.0,,,,,,,,,,172000000.0,,,,,,,,,,,,,,,,,0.0,,,,,,,,,,,,,,,,,,,-974000000.0,,,,,,,,,,,,,,,,,,,,,,,,,,,,,,,,,,,,,,,,0.0,,,,,,,,,,,,,,,,,,,,,,,,,,,,,,
2024-12-31,-69732000.0,0.156,17244000000.0,12874000000.0,897000000.0,6673000000.0,16797000000.0,15900000000.0,-646000000.0,646000000.0,,13251268000.0,12874000000.0,11840000000.0,15582000000.0,927000000.0,925000000.0,13.89,13.91,12874000000.0,12874000000.0,12874000000.0,12874000000.0,12874000000.0,2380000000.0,15254000000.0,-427000000.0,20000000.0,-646000000.0,646000000.0,,16327000000.0,5167000000.0,,4270000000.0,21494000000.0,6673000000.0,28167000000.0,28167000000.0,497000000.0,913400000.0,1410400000.0,9784000000.0,18226000000.0,-8161000000.0,24711000000.0,504000000.0,-8161000000.0,,6485000000.0,23961000000.0,6515000000.0,6485000000.0,-1433000000.0,-1433000000.0,72907000000.0,0.0,0.0,41566000000.0,22346000000.0,4553000000.0,,17476000000.0,,17476000000.0,19220000000.0,6218000000.0,,,750000000.0,,750000000.0,750000000.0,,12252000000.0,10869000000.0,1383000000.0,454000000.0,,929000000.0,48081000000.0,28357000000.0,7350000000.0,1614000000.0,1614000000.0,1607000000.0,,1607000000.0,1607000000.0,2138000000.0,-2393000000.0,4531000000.0,436000000.0,3285000000.0,101000000.0,,0.0,19724000000.0,4813000000.0,,3773000000.0,,3773000000.0,8772000000.0,330000000.0,8442000000.0,,,13586000000.0,-11035000000.0,-1336000000.0,3960000000.0,,-1194000000.0,571000000.0,3252000000.0,10808000000.0,10465000000.0,542000000.0,-10836000000.0,-10836000000.0,-201000000.0,-2448000000.0,-2448000000.0,-11035000000.0,-11035000000.0,,2624000000.0,,2624000000.0,-1336000000.0,3960000000.0,-3402000000.0,-3402000000.0,-3000000.0,306000000.0,964000000.0,-658000000.0,-2511000000.0,-2511000000.0,-474000000.0,-474000000.0,14780000000.0,14780000000.0,-1040000000.0,131000000.0,922000000.0,-593000000.0,1704000000.0,-88000000.0,75000000.0,,21000000.0,186000000.0,2021000000.0,526000000.0,-527000000.0,-527000000.0,897000000.0,897000000.0,12874000000.0,MA,-447000000.0,-447000000.0,-680000000.0,,233000000.0,815000000.0,3455000000.0,3455000000.0,317000000.0,,317000000.0,,,,14646000000.0,5453000000.0,9193000000.0,709000000.0,,,,,,,-199000000.0,,-163000000.0,-163000000.0,,,,29000000.0,29000000.0,,,,,,224000000.0,1792000000.0,,,,,71431000000.0,6442000000.0,,,,,,,,,-3225000000.0,,,,,30000000.0,,,,,,,,,,,,,,680000000.0,,,,,,,,,,,,,,,,,,,,897000000.0,897000000.0,,,,,2366000000.0,,,,,,-720000000.0,,1002000000.0,,,,,,,,,,,
2023-12-31,-73211000.0,0.179,15422000000.0,11195000000.0,799000000.0,6022000000.0,15013000000.0,14214000000.0,-575000000.0,575000000.0,,11530789000.0,11195000000.0,10468000000.0,14008000000.0,946000000.0,944000000.0,11.83,11.86,11195000000.0,11195000000.0,11195000000.0,11195000000.0,11195000000.0,2444000000.0,13639000000.0,-416000000.0,-7000000.0,-575000000.0,575000000.0,,14630000000.0,4446000000.0,,3647000000.0,19076000000.0,6022000000.0,25098000000.0,25098000000.0,475000000.0,934000000.0,1409000000.0,7093000000.0,15681000000.0,-4817000000.0,22610000000.0,2697000000.0,-4817000000.0,,6929000000.0,21273000000.0,6997000000.0,6929000000.0,-1099000000.0,-1099000000.0,62564000000.0,0.0,0.0,35451000000.0,19187000000.0,4474000000.0,,14344000000.0,,14344000000.0,16264000000.0,4853000000.0,,,1337000000.0,,1337000000.0,,,10074000000.0,8754000000.0,1320000000.0,486000000.0,,834000000.0,42448000000.0,23487000000.0,5813000000.0,1355000000.0,1355000000.0,1729000000.0,,1729000000.0,1729000000.0,2061000000.0,-2237000000.0,4298000000.0,398000000.0,3132000000.0,90000000.0,,0.0,18961000000.0,3844000000.0,,4060000000.0,,4060000000.0,9180000000.0,592000000.0,8588000000.0,,,10892000000.0,-9032000000.0,0.0,1554000000.0,,-1088000000.0,477000000.0,2746000000.0,10465000000.0,9196000000.0,1141000000.0,-9488000000.0,-9488000000.0,-89000000.0,-2158000000.0,-2158000000.0,-9032000000.0,-9032000000.0,,1554000000.0,,1554000000.0,0.0,1554000000.0,-1351000000.0,-1351000000.0,-6000000.0,-257000000.0,479000000.0,-736000000.0,0.0,0.0,-371000000.0,-371000000.0,11980000000.0,11980000000.0,-1943000000.0,922000000.0,282000000.0,40000000.0,-32000000.0,-228000000.0,-99000000.0,,-717000000.0,-546000000.0,1644000000.0,460000000.0,-236000000.0,-236000000.0,799000000.0,799000000.0,11195000000.0,MA,-409000000.0,-409000000.0,-539000000.0,,130000000.0,825000000.0,2822000000.0,2822000000.0,369000000.0,,369000000.0,,,,11746000000.0,4086000000.0,7660000000.0,678000000.0,,,,,,,128000000.0,,-129000000.0,-129000000.0,,,,61000000.0,61000000.0,,,,,,237000000.0,196000000.0,,,,,60429000000.0,5893000000.0,,,,,,,,,-2438000000.0,,,,,68000000.0,,,,,,,,,,,,,,539000000.0,,,,,,,,,,,,,,,,,,,,799000000.0,799000000.0,,,,,1877000000.0,,,,,,-717000000.0,,783000000.0,,,,,,,,,,,
2022-12-31,-83468000.0,0.154,13495000000.0,9930000000.0,750000000.0,5263000000.0,12953000000.0,12203000000.0,-471000000.0,471000000.0,,10388532000.0,9930000000.0,9515000000.0,12264000000.0,971000000.0,968000000.0,10.22,10.26,9930000000.0,9930000000.0,9930000000.0,9930000000.0,9930000000.0,1802000000.0,11732000000.0,-519000000.0,23000000.0,-471000000.0,471000000.0,,12722000000.0,4252000000.0,,3502000000.0,16974000000.0,5263000000.0,22237000000.0,22237000000.0,451000000.0,956000000.0,1407000000.0,7015000000.0,14023000000.0,-5083000000.0,20321000000.0,2435000000.0,-5083000000.0,,6298000000.0,20047000000.0,6377000000.0,6298000000.0,-1253000000.0,-1253000000.0,53607000000.0,0.0,0.0,32347000000.0,18176000000.0,4034000000.0,,13749000000.0,,13749000000.0,14171000000.0,4076000000.0,,,274000000.0,,274000000.0,,,9821000000.0,8616000000.0,1205000000.0,279000000.0,,926000000.0,38724000000.0,22118000000.0,5217000000.0,1151000000.0,1151000000.0,1730000000.0,,1730000000.0,1730000000.0,2006000000.0,-1904000000.0,3910000000.0,376000000.0,2786000000.0,96000000.0,,0.0,16606000000.0,3616000000.0,,3425000000.0,,3425000000.0,7408000000.0,400000000.0,7008000000.0,,,10098000000.0,-8753000000.0,-724000000.0,1123000000.0,,-1097000000.0,414000000.0,2506000000.0,9196000000.0,9902000000.0,-603000000.0,-10328000000.0,-10328000000.0,-161000000.0,-1903000000.0,-1903000000.0,-8753000000.0,-8753000000.0,,399000000.0,,399000000.0,-724000000.0,1123000000.0,-1470000000.0,-1470000000.0,-3000000.0,-57000000.0,537000000.0,-594000000.0,-313000000.0,-313000000.0,-442000000.0,-442000000.0,11195000000.0,11195000000.0,-904000000.0,-6000000.0,201000000.0,48000000.0,1497000000.0,69000000.0,190000000.0,,-469000000.0,-481000000.0,1630000000.0,295000000.0,-651000000.0,-651000000.0,750000000.0,750000000.0,9930000000.0,MA,-542000000.0,-542000000.0,-356000000.0,,-186000000.0,789000000.0,2713000000.0,2713000000.0,393000000.0,,393000000.0,,,,11381000000.0,3859000000.0,7522000000.0,652000000.0,,,,,,,-103000000.0,,-121000000.0,-121000000.0,,,,145000000.0,145000000.0,,,,,,90000000.0,1428000000.0,,,,,51354000000.0,5298000000.0,,,,,,,,34000000.0,-2175000000.0,,,,,79000000.0,,,,,,,,,,,,,,356000000.0,,,,,,,,,,,,,,,,,,,,750000000.0,750000000.0,,,,,2157000000.0,,,,,,-655000000.0,,633000000.0,,,,,,,,,,,
2021-12-31,80227000.0,0.157,10953000000.0,8687000000.0,726000000.0,4489000000.0,11464000000.0,10738000000.0,-431000000.0,431000000.0,,8256227000.0,8687000000.0,8657000000.0,10082000000.0,992000000.0,988000000.0,8.76,8.79,8687000000.0,8687000000.0,8687000000.0,8687000000.0,8687000000.0,1620000000.0,10307000000.0,511000000.0,,-431000000.0,431000000.0,,10227000000.0,4168000000.0,,3442000000.0,14395000000.0,4489000000.0,18884000000.0,18884000000.0,425000000.0,980000000.0,1405000000.0,6480000000.0,13901000000.0,-4021000000.0,21213000000.0,3787000000.0,-4021000000.0,,7312000000.0,20421000000.0,7412000000.0,7312000000.0,-809000000.0,-809000000.0,45648000000.0,0.0,0.0,30257000000.0,17095000000.0,3591000000.0,,13109000000.0,,13109000000.0,13162000000.0,4150000000.0,,,792000000.0,,792000000.0,792000000.0,,8220000000.0,7145000000.0,1075000000.0,337000000.0,,738000000.0,37669000000.0,20720000000.0,4515000000.0,486000000.0,486000000.0,1834000000.0,,1834000000.0,1834000000.0,1907000000.0,-1614000000.0,3521000000.0,371000000.0,2439000000.0,96000000.0,,0.0,16949000000.0,3498000000.0,,3006000000.0,1319000000.0,3006000000.0,7894000000.0,473000000.0,7421000000.0,,,8649000000.0,-5904000000.0,-650000000.0,2024000000.0,,-814000000.0,,,9902000000.0,12419000000.0,-2364000000.0,-6555000000.0,-6555000000.0,-345000000.0,-1741000000.0,-1741000000.0,-5904000000.0,-5904000000.0,,1374000000.0,,1374000000.0,-650000000.0,2024000000.0,-5272000000.0,-5272000000.0,33000000.0,-55000000.0,856000000.0,-911000000.0,-4436000000.0,-4436000000.0,-407000000.0,-407000000.0,9463000000.0,9463000000.0,-916000000.0,431000000.0,-568000000.0,390000000.0,1402000000.0,48000000.0,100000000.0,,-484000000.0,-397000000.0,1407000000.0,273000000.0,-69000000.0,-69000000.0,726000000.0,726000000.0,8687000000.0,MA,511000000.0,511000000.0,-94000000.0,,605000000.0,895000000.0,2547000000.0,2547000000.0,395000000.0,,395000000.0,,,,11333000000.0,3671000000.0,7662000000.0,615000000.0,,,,,,,-153000000.0,,-52000000.0,-52000000.0,,,,-645000000.0,-645000000.0,,,913000000.0,,,61000000.0,1354000000.0,,,,,42588000000.0,5061000000.0,,,,,,,,92000000.0,-2087000000.0,,,,,100000000.0,29000000.0,,,,,,,,,,,,,94000000.0,,,,,,,,,,,,,,,,,,,,726000000.0,726000000.0,,,,,2459000000.0,,,,,,-407000000.0,,645000000.0,,,,,,,,,,,
2020-12-31,,,,,,,,,,,,,,,,,,,,,,,,,,,,5000000.0,,,,,,,,,,,,,,,,,,,,,,,,,,,,,,,,,,,,,,,,,,,,,649000000.0,,,,,,,,,,,,,,,,,,,,,,,,,,,,,1706000000.0,,,,,,,,,,,,,,,,,,,,,,,,,,,,,,,,,,,,,,,,,,,,,,,,,,,,,,,,,,,,MA,,,,,,,,,,,,,,,,,,,,,,,,,,,,,,,,,,,,1475000000.0,,,,,,,,,,,,,,,,,,78000000.0,,,,,,,29000000.0,,,,,,,,,,,,,,,,,,,,,,,,,,,,,,,,,,,,,,,,,,,,,,,,,,,,,,,,,,
2025-09-30,-171990000.0,0.21,19960000000.0,12404000000.0,5326000000.0,58766000000.0,19141000000.0,13815000000.0,-1305000000.0,1812000000.0,507000000.0,13051010000.0,12404000000.0,80593000000.0,,1811000000.0,1804000000.0,6.85,6.88,12404000000.0,12404000000.0,12404000000.0,13431000000.0,13431000000.0,-1428000000.0,12003000000.0,-524000000.0,,-1305000000.0,1812000000.0,507000000.0,13832000000.0,21827000000.0,,16501000000.0,35659000000.0,58766000000.0,94425000000.0,94425000000.0,79000000.0,1791000000.0,1870000000.0,36331000000.0,44877000000.0,27303000000.0,151895000000.0,-9895000000.0,27303000000.0,2851000000.0,109869000000.0,145184000000.0,114612000000.0,109869000000.0,-2914000000.0,-2914000000.0,60410000000.0,59814000000.0,59814000000.0,82902000000.0,48740000000.0,7050000000.0,,38166000000.0,2851000000.0,35315000000.0,34162000000.0,6248000000.0,,,6711000000.0,,6711000000.0,,,21203000000.0,3847000000.0,17356000000.0,2301000000.0,2301000000.0,15055000000.0,197514000000.0,173247000000.0,10002000000.0,31327000000.0,,8097000000.0,,1778000000.0,,41255000000.0,-48889000000.0,90144000000.0,1103000000.0,41457000000.0,30854000000.0,9819000000.0,0.0,24267000000.0,1158000000.0,2134000000.0,13217000000.0,1560000000.0,10434000000.0,5695000000.0,,5695000000.0,,,10077000000.0,-3500000000.0,-3735000000.0,1057000000.0,,-8024000000.0,2050000000.0,1221000000.0,5799000000.0,6102000000.0,-308000000.0,-10366000000.0,-10366000000.0,-1442000000.0,-1803000000.0,-1803000000.0,-3500000000.0,-3500000000.0,,-3621000000.0,-943000000.0,-2678000000.0,-3735000000.0,1057000000.0,-8043000000.0,-8043000000.0,75000000.0,-94000000.0,4000000.0,-98000000.0,,,-8024000000.0,-8024000000.0,18101000000.0,18101000000.0,-430000000.0,-228000000.0,,-42000000.0,237000000.0,237000000.0,237000000.0,-114000000.0,-283000000.0,,429000000.0,1363000000.0,-2739000000.0,-2739000000.0,5326000000.0,5326000000.0,13431000000.0,DIS,-819000000.0,-819000000.0,-819000000.0,635000000.0,,,,,3524000000.0,,3524000000.0,,,6319000000.0,82566000000.0,9272000000.0,73294000000.0,,,,,,,,5000000.0,,,,,871000000.0,1467000000.0,-295000000.0,,295000000.0,0.0,,6911000000.0,1313000000.0,,,3859000000.0,3859000000.0,,,7441000000.0,,,,,,,,,2063000000.0,,,,-1027000000.0,109000000.0,4743000000.0,,,,,,,,,,,,,,,,,,,,,,,,,,,,,0.0,,,,,5326000000.0,5326000000.0,,,,,,-295000000.0,,,,,,-75000000.0,,,-90000000.0,,,,145000000.0,,,,,
2024-09-30,-867420000.0,0.237,18289000000.0,4972000000.0,4990000000.0,58698000000.0,14629000000.0,9639000000.0,-1260000000.0,2070000000.0,810000000.0,7764580000.0,4972000000.0,79447000000.0,,1831000000.0,1825000000.0,2.72,2.72,4972000000.0,4972000000.0,4972000000.0,5773000000.0,5773000000.0,1796000000.0,7569000000.0,-3085000000.0,404000000.0,-1260000000.0,2070000000.0,810000000.0,11914000000.0,20749000000.0,,15759000000.0,32663000000.0,58698000000.0,91361000000.0,91361000000.0,47000000.0,1808587380.0,1855587380.0,39813000000.0,48743000000.0,16631000000.0,146511000000.0,-9358000000.0,16631000000.0,2928000000.0,100696000000.0,139666000000.0,105522000000.0,100696000000.0,-3699000000.0,-3699000000.0,49722000000.0,58592000000.0,58592000000.0,90697000000.0,56098000000.0,7923000000.0,,41898000000.0,2928000000.0,38970000000.0,34599000000.0,6684000000.0,,,6845000000.0,,6845000000.0,,,21070000000.0,3801000000.0,17269000000.0,2473000000.0,2473000000.0,14796000000.0,196219000000.0,170978000000.0,13101000000.0,32312000000.0,,4459000000.0,,1779000000.0,,37041000000.0,-45506000000.0,82547000000.0,1082000000.0,39246000000.0,28279000000.0,9212000000.0,0.0,25241000000.0,2391000000.0,2022000000.0,12729000000.0,1113000000.0,10341000000.0,6002000000.0,,6002000000.0,,,8559000000.0,-2992000000.0,-3064000000.0,132000000.0,,-5412000000.0,2134000000.0,3963000000.0,6102000000.0,14235000000.0,-8198000000.0,-15288000000.0,-15288000000.0,-9530000000.0,-1366000000.0,-1366000000.0,-2992000000.0,-2992000000.0,,-1400000000.0,1532000000.0,-2932000000.0,-3064000000.0,132000000.0,-6881000000.0,-6881000000.0,-68000000.0,-1401000000.0,105000000.0,-1506000000.0,,,-5412000000.0,-5412000000.0,13971000000.0,13971000000.0,-1613000000.0,-1427000000.0,,265000000.0,156000000.0,156000000.0,156000000.0,-42000000.0,-565000000.0,,903000000.0,1366000000.0,-821000000.0,-821000000.0,4990000000.0,4990000000.0,5773000000.0,DIS,-3660000000.0,-3660000000.0,-3660000000.0,158000000.0,,,,,6277000000.0,,6277000000.0,,,2680000000.0,84065000000.0,10739000000.0,73326000000.0,,,,,,,,65000000.0,,,,,3511000000.0,1556000000.0,-575000000.0,5000000.0,575000000.0,0.0,,4728000000.0,1358000000.0,,,3434000000.0,3434000000.0,,,3919000000.0,,,,,,,-404000000.0,,2097000000.0,,,,-801000000.0,605000000.0,4826000000.0,,,,,,,,,,,,,,65000000.0,,,,,,,,,,,,,,0.0,1287000000.0,,,,,4990000000.0,4990000000.0,,,,,,-575000000.0,,-96000000.0,,,,-1545000000.0,,,-83000000.0,0.0,,0.0,437000000.0,,,,,
2023-09-30,-1105136000.0,0.289,15935000000.0,2354000000.0,5369000000.0,59201000000.0,12111000000.0,6742000000.0,-1209000000.0,1973000000.0,764000000.0,5072864000.0,2354000000.0,79906000000.0,,1830000000.0,1828000000.0,1.29,1.29,2354000000.0,2354000000.0,2354000000.0,3390000000.0,3390000000.0,1379000000.0,4769000000.0,-3014000000.0,28000000.0,-1209000000.0,1973000000.0,764000000.0,8992000000.0,20705000000.0,,15336000000.0,29697000000.0,59201000000.0,88898000000.0,88898000000.0,19000000.0,1830000000.0,1849000000.0,32249000000.0,49895000000.0,9149000000.0,145708000000.0,1624000000.0,9149000000.0,3464000000.0,99277000000.0,141378000000.0,113012000000.0,99277000000.0,-3292000000.0,-3292000000.0,46093000000.0,57383000000.0,57383000000.0,92567000000.0,61428000000.0,8605000000.0,,45565000000.0,3464000000.0,42101000000.0,31139000000.0,6138000000.0,6138000000.0,6138000000.0,4330000000.0,,4330000000.0,,,20671000000.0,3270000000.0,17401000000.0,2276000000.0,2276000000.0,15125000000.0,205579000000.0,172816000000.0,11076000000.0,33591000000.0,,3080000000.0,,392000000.0,,34941000000.0,-42610000000.0,77551000000.0,1058000000.0,35255000000.0,26358000000.0,8595000000.0,0.0,32763000000.0,1286000000.0,1963000000.0,12330000000.0,1014000000.0,10179000000.0,14182000000.0,,14182000000.0,,,4897000000.0,0.0,-1675000000.0,83000000.0,,-4969000000.0,2110000000.0,1193000000.0,14235000000.0,11661000000.0,2501000000.0,-2724000000.0,-2724000000.0,-941000000.0,0.0,0.0,0.0,0.0,,-1783000000.0,-191000000.0,-1592000000.0,-1675000000.0,83000000.0,-4641000000.0,-4641000000.0,-130000000.0,458000000.0,458000000.0,0.0,,,-4969000000.0,-4969000000.0,9866000000.0,9866000000.0,177000000.0,1345000000.0,,-201000000.0,-1142000000.0,-1142000000.0,-1142000000.0,-183000000.0,358000000.0,,-1933000000.0,1143000000.0,-1346000000.0,-1346000000.0,5369000000.0,5369000000.0,3390000000.0,DIS,-3824000000.0,-3824000000.0,-3824000000.0,141000000.0,169000000.0,,,,7258000000.0,,7258000000.0,,,2688000000.0,90128000000.0,13061000000.0,77067000000.0,,,,,,,,73000000.0,,,,,3128000000.0,1743000000.0,-782000000.0,-166000000.0,782000000.0,0.0,,6285000000.0,1252000000.0,52000000.0,,3626000000.0,3626000000.0,,,907000000.0,,,,,,,-340000000.0,,3002000000.0,,,,-1036000000.0,3030000000.0,13735000000.0,,,,,,,,,,,,,,101000000.0,,,,,,,,,,,,,,0.0,721000000.0,,,,,5369000000.0,5369000000.0,,,,,,-782000000.0,,4000000.0,,,,169000000.0,,,-115000000.0,0.0,0.0,0.0,720000000.0,,,,,
2022-09-30,-295200000.0,0.328,12897000000.0,3193000000.0,5163000000.0,54401000000.0,11997000000.0,6834000000.0,-1459000000.0,1549000000.0,90000000.0,3797800000.0,3145000000.0,75952000000.0,,1827000000.0,1822000000.0,1.72,1.73,3145000000.0,3145000000.0,3145000000.0,3505000000.0,3553000000.0,1732000000.0,5285000000.0,-26000000.0,58000000.0,-1459000000.0,1549000000.0,90000000.0,6770000000.0,21551000000.0,,16388000000.0,28321000000.0,54401000000.0,82722000000.0,82722000000.0,19000000.0,1781000000.0,1800000000.0,36754000000.0,51608000000.0,2274000000.0,143377000000.0,25000000.0,2274000000.0,3239000000.0,95008000000.0,140307000000.0,108378000000.0,95008000000.0,-4119000000.0,-4119000000.0,43636000000.0,56398000000.0,56398000000.0,95253000000.0,66180000000.0,9279000000.0,,48538000000.0,3239000000.0,45299000000.0,29073000000.0,5790000000.0,5790000000.0,5790000000.0,3070000000.0,,3070000000.0,,,20213000000.0,3630000000.0,16583000000.0,378000000.0,378000000.0,16205000000.0,203631000000.0,174533000000.0,9208000000.0,35777000000.0,,3218000000.0,,540000000.0,,33596000000.0,-39356000000.0,72952000000.0,1037000000.0,33795000000.0,24409000000.0,8897000000.0,0.0,29098000000.0,1199000000.0,1742000000.0,12652000000.0,1999000000.0,10811000000.0,11615000000.0,,11615000000.0,,,1067000000.0,0.0,-4016000000.0,333000000.0,,-4943000000.0,1685000000.0,1097000000.0,11661000000.0,16003000000.0,-3739000000.0,-4741000000.0,-4729000000.0,-712000000.0,0.0,0.0,0.0,0.0,,-4017000000.0,-334000000.0,-3683000000.0,-4016000000.0,333000000.0,-5008000000.0,-5008000000.0,-117000000.0,52000000.0,52000000.0,0.0,,,-4943000000.0,-4943000000.0,6010000000.0,6002000000.0,488000000.0,46000000.0,,-707000000.0,964000000.0,964000000.0,964000000.0,-420000000.0,605000000.0,,-5888000000.0,977000000.0,200000000.0,200000000.0,5163000000.0,5163000000.0,3553000000.0,DIS,-900000000.0,-900000000.0,-900000000.0,,-663000000.0,,,,8363000000.0,,8363000000.0,,,2678000000.0,92734000000.0,14837000000.0,77897000000.0,,,,,,,,-603000000.0,,,,,212000000.0,1980000000.0,518000000.0,714000000.0,816000000.0,0.0,,4814000000.0,,127000000.0,,3183000000.0,3183000000.0,,,907000000.0,,,,,,,-62000000.0,,1890000000.0,,,,-360000000.0,237000000.0,13370000000.0,,,,,,,,,,,,,,,,,,,,,,,,,,,,-48000000.0,,,1940000000.0,,,5163000000.0,5163000000.0,,,,,,-816000000.0,,620000000.0,,1940000000.0,,-663000000.0,,,-158000000.0,-12000000.0,0.0,8000000.0,779000000.0,,,,,
2021-09-30,,,,,,,,,,,,,,,,,,,,,,,,,,,,201000000.0,,,,,,,,,,,,,,,,,,,,,,,,,,,,,,,,,,,,,,,,4317000000.0,4317000000.0,,,,,,,,,,,,,,,,,,,,,,,,,,,,,,,,,,,,,,,,,,,,,,,,,,,,,,,,,,,,,,,,,,,,,,0.0,0.0,,,,,,,,,,,,,,,,,,,,,,DIS,,,,,-111000000.0,,,,,,,,,,,,,64892000000.0,,,,,,,,,,,,,,,-332000000.0,,,,,,435000000.0,,,,,,,,,,,,,,,,,,,,,,9213000000.0,,,,,,,,,,,,,,,,,,,,,,,,,,,-29000000.0,,,4132000000.0,,,,,,,,,,,,816000000.0,,4132000000.0,,,,0.0,,0.0,8000000.0,1000000.0,,,,,,
2024-12-31,0.0,0.073,,27132000000.0,2189000000.0,,,,56060000000.0,90547000000.0,146607000000.0,27132000000.0,27132000000.0,,,7935800000.0,7855500000.0,3.21,3.25,25503000000.0,25503000000.0,27132000000.0,27132000000.0,27132000000.0,2122000000.0,29254000000.0,,,,,,,,,49623000000.0,,,101887000000.0,101887000000.0,,7610862311.0,7610862311.0,30184000000.0,326670000000.0,203379000000.0,599070000000.0,,226538000000.0,,272400000000.0,578838000000.0,295559000000.0,295559000000.0,-15285000000.0,-15285000000.0,242349000000.0,68495000000.0,45336000000.0,2965960000000.0,,,,283279000000.0,,283279000000.0,,,,,43391000000.0,,43391000000.0,43391000000.0,,,,,,,,3261519000000.0,,,,,1061416000000.0,,,12175000000.0,12168000000.0,,,,,,,,,,,97919000000.0,15672000000.0,82247000000.0,,346432000000.0,296486000000.0,,26003000000.0,-8805000000.0,-18358000000.0,-70411000000.0,56683000000.0,0.0,,89687000000.0,3822000000.0,290114000000.0,333073000000.0,-39129000000.0,60369000000.0,60369000000.0,-127000000.0,-9503000000.0,,-13104000000.0,-13104000000.0,,-1154000000.0,12574000000.0,-13728000000.0,-70411000000.0,56683000000.0,-90693000000.0,-90693000000.0,-4145000000.0,-48456000000.0,342455000000.0,-390911000000.0,,,,,-8805000000.0,-8805000000.0,-48546000000.0,-45504000000.0,,-4492000000.0,1450000000.0,,,,,,3201000000.0,3433000000.0,-1734000000.0,-1734000000.0,2189000000.0,2189000000.0,27132000000.0,BAC,,,,,0.0,5450000000.0,44173000000.0,3991000000.0,,,,,,,69021000000.0,,69021000000.0,,,,,,,,-3830000000.0,,,,,,,29000000.0,29000000.0,,23159000000.0,,,,,1450000000.0,,,,,,,,,,,,,,,,,,,,,,,1096000000.0,,,,,,,,,,1629000000.0,,40182000000.0,7289000000.0,2669000000.0,7231000000.0,409797847.0,23159000000.0,558677000000.0,144132000000.0,571195000000.0,-5254000000.0,-5254000000.0,0.0,,,,,,,,,,,,,,,,,,39353000000.0,,,,,,,,,,,,,,,
2023-12-31,-134400000.0,0.064,,26515000000.0,2057000000.0,,,,56931000000.0,73331000000.0,130262000000.0,28480600000.0,26515000000.0,,,8080500000.0,8028600000.0,3.08,3.1,24866000000.0,24866000000.0,26515000000.0,26515000000.0,26515000000.0,1827000000.0,28342000000.0,,,,,,,,,47715000000.0,,,98581000000.0,98581000000.0,,7895457665.0,7895457665.0,,334302000000.0,194228000000.0,597551000000.0,,222625000000.0,,263249000000.0,593850000000.0,291646000000.0,291646000000.0,-17788000000.0,-17788000000.0,224672000000.0,84762000000.0,56365000000.0,2888505000000.0,,,,302204000000.0,,302204000000.0,,,,,32098000000.0,,32098000000.0,32098000000.0,,,,,,,,3180151000000.0,,,,,1017946000000.0,,,10203000000.0,11855000000.0,,,,,,,,,,,96697000000.0,14816000000.0,81881000000.0,,266649000000.0,341419000000.0,,27892000000.0,44982000000.0,-4576000000.0,-44571000000.0,65396000000.0,0.0,,69604000000.0,3405000000.0,333073000000.0,230203000000.0,102940000000.0,93345000000.0,93345000000.0,-717000000.0,-9087000000.0,,-4576000000.0,-4576000000.0,,25987000000.0,5162000000.0,20825000000.0,-44571000000.0,65396000000.0,-35387000000.0,-35387000000.0,-5258000000.0,-4238000000.0,286819000000.0,-291057000000.0,,,,,44982000000.0,44982000000.0,2728000000.0,44391000000.0,,-23944000000.0,-17719000000.0,,,,,,8349000000.0,2942000000.0,-2011000000.0,-2011000000.0,2057000000.0,2057000000.0,26515000000.0,BAC,-2100000000.0,-2100000000.0,-2100000000.0,,0.0,5535000000.0,42180000000.0,3850000000.0,,,,,,,69021000000.0,,69021000000.0,,,,,,,,-70000000.0,,,,,,,405000000.0,405000000.0,,28397000000.0,,,,,-17719000000.0,,,,,,,,,,,,,,,,,,,,,,,1209000000.0,,,,,,,,,,1649000000.0,2100000000.0,38330000000.0,7164000000.0,2159000000.0,6707000000.0,409797858.0,28397000000.0,594555000000.0,146539000000.0,622043000000.0,0.0,0.0,0.0,,,,,,,,,,,,,,,,,,43432000000.0,,,,,,,,,,,,,,,
2022-12-31,0.0,0.111,,27528000000.0,1978000000.0,,,,52462000000.0,20103000000.0,72565000000.0,27528000000.0,27528000000.0,,,8167500000.0,8113700000.0,3.19,3.21,26015000000.0,26015000000.0,27528000000.0,27528000000.0,27528000000.0,3441000000.0,30969000000.0,,,,,,,,,45946000000.0,,,94950000000.0,94950000000.0,,7996777943.0,7996777943.0,65452000000.0,302914000000.0,175778000000.0,547714000000.0,,204175000000.0,,244800000000.0,549179000000.0,273197000000.0,273197000000.0,-21156000000.0,-21156000000.0,207003000000.0,87350000000.0,58953000000.0,2778178000000.0,,,,275982000000.0,,275982000000.0,,,,,26932000000.0,,26932000000.0,26932000000.0,,222533000000.0,222533000000.0,,,,,3051375000000.0,,,,,1043422000000.0,,,9206000000.0,11510000000.0,,,,,,,,,,,81135000000.0,13592000000.0,67543000000.0,,220788000000.0,237462000000.0,,30334000000.0,-6327000000.0,-5727000000.0,-34055000000.0,65910000000.0,4426000000.0,,18526000000.0,2288000000.0,230203000000.0,348221000000.0,-114895000000.0,-106039000000.0,-106039000000.0,-312000000.0,-8576000000.0,,-5073000000.0,-5073000000.0,,35034000000.0,3179000000.0,31855000000.0,-34055000000.0,65910000000.0,-2529000000.0,-2529000000.0,-4612000000.0,84103000000.0,243161000000.0,-159058000000.0,,,,,-6327000000.0,-6327000000.0,-51944000000.0,-95772000000.0,,20799000000.0,23029000000.0,,,,,,7927000000.0,2862000000.0,739000000.0,739000000.0,1978000000.0,1978000000.0,27528000000.0,BAC,,,,,0.0,5478000000.0,40468000000.0,4021000000.0,,,,,,,69022000000.0,,69022000000.0,,,,,,,,-3123000000.0,,,,,,,-32000000.0,-32000000.0,,28397000000.0,,,,,23029000000.0,,,,,,,,,,,1513000000.0,,,,,,,,,,,,1540000000.0,,,,,,,,,,1513000000.0,,36447000000.0,7071000000.0,2142000000.0,6279000000.0,406711800.0,28397000000.0,632825000000.0,180603000000.0,505036000000.0,3772000000.0,-654000000.0,4426000000.0,,,,,,,,,,,,,,,,,,44816000000.0,,,,,,,,,,,,,,,
2021-12-31,0.0,0.058806,,31978000000.0,1898000000.0,,,,42934000000.0,4738000000.0,47672000000.0,31978000000.0,31978000000.0,,,8558400000.0,8493300000.0,3.57,3.6,30557000000.0,30557000000.0,31978000000.0,31978000000.0,31978000000.0,1998000000.0,33976000000.0,,,,,,,,,45049000000.0,,,89113000000.0,89113000000.0,,8077831463.0,8077831463.0,,303870000000.0,176336000000.0,549228000000.0,,201044000000.0,,245358000000.0,550183000000.0,270066000000.0,270066000000.0,-5104000000.0,-5104000000.0,188064000000.0,87106000000.0,62398000000.0,2899429000000.0,,,,280117000000.0,,280117000000.0,,,,,23753000000.0,,23753000000.0,23753000000.0,,198963000000.0,198963000000.0,,,,,3169495000000.0,,,,,1126273000000.0,,,8895000000.0,10833000000.0,,,,,,,,,,,87020000000.0,14757000000.0,72263000000.0,,299178000000.0,355365000000.0,,29222000000.0,-7193000000.0,-27097000000.0,-46826000000.0,76675000000.0,2169000000.0,,4506000000.0,2760000000.0,348221000000.0,380463000000.0,-28834000000.0,291650000000.0,291650000000.0,-620000000.0,-8055000000.0,,-25126000000.0,-25126000000.0,,34281000000.0,4432000000.0,29849000000.0,-46826000000.0,76675000000.0,-313291000000.0,-313291000000.0,-3479000000.0,-309745000000.0,291389000000.0,-601134000000.0,,,,,-7193000000.0,-7193000000.0,-39920000000.0,-22104000000.0,,-34455000000.0,16639000000.0,,,,,,-4300000000.0,2768000000.0,-838000000.0,-838000000.0,1898000000.0,1898000000.0,31978000000.0,BAC,,,,,0.0,5820000000.0,39229000000.0,3089000000.0,,,,,,,69022000000.0,,69022000000.0,,,,,,,,-3408000000.0,,,,,0.0,,-22000000.0,-22000000.0,,24708000000.0,,,,,16639000000.0,,,,,,,,,,,1421000000.0,,,,,,,,,,,,1456000000.0,,,,,,,,,,1421000000.0,,36140000000.0,7138000000.0,1775000000.0,5769000000.0,,24708000000.0,674554000000.0,143646000000.0,606085000000.0,198000000.0,-1971000000.0,2169000000.0,,,,,,,,,,,,,,,,,,37675000000.0,,,,,,,,,,,,,,,
2020-12-31,,,,,,,,,,,,,,,,,,,,,,,,,,,,,,,,,,,,,,,,,,,,,,,,,,,,,,,,,,,,,,,,,,,,,,,,,,,179921000000.0,179921000000.0,,,,,,,,,,,,,,,,,,,,,,,,,,,,,,,,,,,,,,,,,,,,,,,,,,,,,,,,,,,,,,,,,,,,,,,,,,,,,,,,,,,,,,BAC,,,,,,,,,,,,,,,,,,,,,,,,,,,,,,0.0,,,,,,,,,,,,,,,,,,,,,1421000000.0,,,,,,,,,,,,,,,,,,,,,,,,,,,,250320600.0,,,,,,,,,,,,,,,,,,,,,,,,,,,,,,,,,,,,,,,,
2025-01-31,0.0,0.133,86137000000.0,72880000000.0,1864000000.0,32639000000.0,86137000000.0,84273000000.0,1539000000.0,247000000.0,1786000000.0,72880000000.0,72880000000.0,49044000000.0,81453000000.0,24804000000.0,24555000000.0,2.94,2.97,72880000000.0,72880000000.0,72880000000.0,72880000000.0,72880000000.0,11146000000.0,84026000000.0,1034000000.0,1034000000.0,1539000000.0,247000000.0,1786000000.0,81453000000.0,16405000000.0,12914000000.0,3491000000.0,97858000000.0,32639000000.0,130497000000.0,130497000000.0,,24477000000.0,24477000000.0,,10270000000.0,73332000000.0,87790000000.0,62079000000.0,73332000000.0,1807000000.0,79327000000.0,87790000000.0,79327000000.0,79327000000.0,28000000.0,28000000.0,68038000000.0,24000000.0,24000000.0,32274000000.0,14227000000.0,79000000.0,2304000000.0,9982000000.0,1519000000.0,8463000000.0,18047000000.0,228000000.0,837000000.0,837000000.0,288000000.0,288000000.0,,,,15321000000.0,8130000000.0,7191000000.0,881000000.0,,6310000000.0,111601000000.0,31475000000.0,201000000.0,10979000000.0,10979000000.0,3387000000.0,,3387000000.0,3387000000.0,8076000000.0,-4401000000.0,12477000000.0,,1793000000.0,7568000000.0,511000000.0,0.0,80126000000.0,3771000000.0,10080000000.0,23065000000.0,,23065000000.0,43210000000.0,34621000000.0,8589000000.0,,,60853000000.0,-33706000000.0,-1250000000.0,,,-3236000000.0,246000000.0,15118000000.0,8589000000.0,7280000000.0,1309000000.0,-42359000000.0,-42359000000.0,-7059000000.0,-834000000.0,-834000000.0,-33706000000.0,-33706000000.0,,-1250000000.0,,-1250000000.0,-1250000000.0,,-20421000000.0,-20421000000.0,22000000.0,-16200000000.0,11861000000.0,-28061000000.0,-1007000000.0,-1007000000.0,-3236000000.0,-3236000000.0,64089000000.0,64089000000.0,-9383000000.0,,1221000000.0,,7635000000.0,3357000000.0,3357000000.0,-4781000000.0,-13063000000.0,-13063000000.0,-502000000.0,4737000000.0,-4477000000.0,-4477000000.0,1864000000.0,1864000000.0,72880000000.0,NVDA,0.0,0.0,0.0,,,,,,1862000000.0,976000000.0,886000000.0,,,,5995000000.0,807000000.0,5188000000.0,2076000000.0,,3273000000.0,3399000000.0,3408000000.0,,,,,,,,,,-1030000000.0,-1030000000.0,,0.0,,529000000.0,,490000000.0,4278000000.0,,,,,,11237000000.0,,,,,,,,,-395000000.0,,,,0.0,,,,,,1373000000.0,,,,,,,,,,,,,,,,,,,,,,,,,,,,,,,,,,,,,,,,,,,750000000.0,,,,,,,2087000000.0,,,,
2024-01-31,0.0,0.12,35583000000.0,29760000000.0,1508000000.0,16621000000.0,35583000000.0,34075000000.0,609000000.0,257000000.0,866000000.0,29760000000.0,29760000000.0,27950000000.0,32972000000.0,24940000000.0,24690000000.0,1.19,1.21,29760000000.0,29760000000.0,29760000000.0,29760000000.0,29760000000.0,4058000000.0,33818000000.0,237000000.0,237000000.0,609000000.0,257000000.0,866000000.0,32972000000.0,11329000000.0,8675000000.0,2654000000.0,44301000000.0,16621000000.0,60922000000.0,60922000000.0,,24640000000.0,24640000000.0,2429000000.0,11056000000.0,37436000000.0,52687000000.0,33714000000.0,37436000000.0,1347000000.0,42978000000.0,51437000000.0,42978000000.0,42978000000.0,27000000.0,27000000.0,29817000000.0,25000000.0,25000000.0,22750000000.0,12119000000.0,65000000.0,1441000000.0,9578000000.0,1119000000.0,8459000000.0,10631000000.0,199000000.0,764000000.0,764000000.0,1478000000.0,228000000.0,1250000000.0,1250000000.0,,7775000000.0,4780000000.0,2995000000.0,296000000.0,,2699000000.0,65728000000.0,21383000000.0,357000000.0,6081000000.0,6081000000.0,1321000000.0,1546000000.0,1321000000.0,1321000000.0,5260000000.0,-3509000000.0,8769000000.0,,1346000000.0,5200000000.0,218000000.0,0.0,44345000000.0,3080000000.0,5282000000.0,9999000000.0,,9999000000.0,25984000000.0,18704000000.0,7280000000.0,,,27021000000.0,-9533000000.0,-1250000000.0,0.0,,-1069000000.0,252000000.0,6549000000.0,7280000000.0,3389000000.0,3891000000.0,-13633000000.0,-13633000000.0,-2858000000.0,-395000000.0,-395000000.0,-9533000000.0,-9533000000.0,,-1250000000.0,,-1250000000.0,-1250000000.0,0.0,-10566000000.0,-10566000000.0,-124000000.0,-9290000000.0,9783000000.0,-19073000000.0,-83000000.0,-83000000.0,-1069000000.0,-1069000000.0,28090000000.0,28090000000.0,-3722000000.0,,514000000.0,,3556000000.0,1531000000.0,1531000000.0,-98000000.0,-6172000000.0,-6172000000.0,-278000000.0,3549000000.0,-2489000000.0,-2489000000.0,1508000000.0,1508000000.0,29760000000.0,NVDA,0.0,0.0,0.0,,,,,,1035000000.0,573000000.0,462000000.0,,,,5542000000.0,1112000000.0,4430000000.0,1816000000.0,,2058000000.0,1505000000.0,1719000000.0,,,,,,,,,894000000.0,-238000000.0,-238000000.0,,0.0,,189000000.0,,403000000.0,2025000000.0,614000000.0,614000000.0,,,,13109000000.0,,,,,,,,,-1522000000.0,,,,0.0,,,,,,415000000.0,,,,,,,,,,,,,,,,,,,,,,,,,,,,,,,,,,,,,,,,,,,,,,,,,,2822000000.0,,,,
2023-01-31,-284130000.0,0.21,7339000000.0,4368000000.0,1543000000.0,11618000000.0,5986000000.0,4443000000.0,5000000.0,262000000.0,267000000.0,5436870000.0,4368000000.0,21397000000.0,4224000000.0,25070000000.0,24870000000.0,0.174,0.176,4368000000.0,4368000000.0,4368000000.0,4368000000.0,4368000000.0,-187000000.0,4181000000.0,-1401000000.0,-48000000.0,5000000.0,262000000.0,267000000.0,5577000000.0,9779000000.0,7339000000.0,2440000000.0,15356000000.0,11618000000.0,26974000000.0,26974000000.0,,24661365720.0,24661365720.0,7564000000.0,12031000000.0,16053000000.0,33054000000.0,16510000000.0,16053000000.0,1078000000.0,22101000000.0,31804000000.0,22101000000.0,22101000000.0,-43000000.0,-43000000.0,10171000000.0,2000000.0,2000000.0,19081000000.0,12518000000.0,63000000.0,1385000000.0,10605000000.0,902000000.0,9703000000.0,6563000000.0,69000000.0,354000000.0,354000000.0,1426000000.0,176000000.0,1250000000.0,1250000000.0,,4606000000.0,2946000000.0,1660000000.0,467000000.0,,1193000000.0,41182000000.0,18109000000.0,145000000.0,3396000000.0,3396000000.0,299000000.0,299000000.0,,,4845000000.0,-2694000000.0,7539000000.0,,1038000000.0,4303000000.0,218000000.0,0.0,23073000000.0,791000000.0,5159000000.0,3827000000.0,,3827000000.0,13296000000.0,9907000000.0,3389000000.0,,,3808000000.0,-10039000000.0,0.0,0.0,,-1833000000.0,254000000.0,1404000000.0,3389000000.0,1990000000.0,1399000000.0,-11617000000.0,-11617000000.0,-1535000000.0,-398000000.0,-398000000.0,-10039000000.0,-10039000000.0,,0.0,,0.0,0.0,0.0,7375000000.0,7375000000.0,,9257000000.0,21239000000.0,-11982000000.0,-49000000.0,-49000000.0,-1833000000.0,-1833000000.0,5641000000.0,5640000000.0,-2207000000.0,,252000000.0,,790000000.0,-551000000.0,-551000000.0,-2554000000.0,822000000.0,822000000.0,1347000000.0,2709000000.0,-2164000000.0,-2164000000.0,1543000000.0,1543000000.0,4368000000.0,NVDA,-1353000000.0,-1353000000.0,-1353000000.0,,,,,,465000000.0,218000000.0,247000000.0,,,,6048000000.0,1676000000.0,4372000000.0,1598000000.0,,2263000000.0,466000000.0,2430000000.0,,,,,,,,,844000000.0,45000000.0,45000000.0,,0.0,,382000000.0,,355000000.0,1341000000.0,699000000.0,699000000.0,,,,11971000000.0,,,,,,,,,-1517000000.0,,,,1353000000.0,,,,,,108000000.0,,,,,,,,,,,,,,,,,,,,,,,,,,,,,,,,,,,,,,,,,,,,,,,,,,3376000000.0,,,,
2022-01-31,0.0,0.019,11351000000.0,9752000000.0,1174000000.0,9439000000.0,11351000000.0,10177000000.0,-207000000.0,236000000.0,29000000.0,9752000000.0,9752000000.0,16873000000.0,10041000000.0,25350000000.0,24960000000.0,0.385,0.391,9752000000.0,9752000000.0,9752000000.0,9752000000.0,9752000000.0,189000000.0,9941000000.0,107000000.0,107000000.0,-207000000.0,236000000.0,29000000.0,10041000000.0,7434000000.0,5268000000.0,2166000000.0,17475000000.0,9439000000.0,26914000000.0,26914000000.0,,25060000000.0,25060000000.0,8956000000.0,11831000000.0,19924000000.0,37558000000.0,24494000000.0,19924000000.0,885000000.0,26612000000.0,37558000000.0,26612000000.0,26612000000.0,-11000000.0,-11000000.0,16235000000.0,3000000.0,3000000.0,17575000000.0,13240000000.0,49000000.0,1057000000.0,11687000000.0,741000000.0,10946000000.0,4335000000.0,371000000.0,300000000.0,300000000.0,144000000.0,144000000.0,,,,3520000000.0,1605000000.0,1915000000.0,132000000.0,,1783000000.0,44187000000.0,15358000000.0,66000000.0,1222000000.0,1222000000.0,266000000.0,266000000.0,,,3607000000.0,-1903000000.0,5510000000.0,,829000000.0,2852000000.0,218000000.0,0.0,28829000000.0,366000000.0,2605000000.0,4650000000.0,,4650000000.0,21208000000.0,19218000000.0,1990000000.0,,,8132000000.0,0.0,-1000000000.0,4977000000.0,,-976000000.0,246000000.0,396000000.0,1990000000.0,847000000.0,1143000000.0,1865000000.0,1865000000.0,-1994000000.0,-399000000.0,-399000000.0,0.0,0.0,,3977000000.0,,3977000000.0,-1000000000.0,4977000000.0,-9830000000.0,-9830000000.0,,-8591000000.0,16220000000.0,-24811000000.0,-263000000.0,-263000000.0,-976000000.0,-976000000.0,9108000000.0,9108000000.0,-3363000000.0,,192000000.0,,1149000000.0,568000000.0,568000000.0,-774000000.0,-2215000000.0,-2215000000.0,47000000.0,2004000000.0,-406000000.0,-406000000.0,1174000000.0,1174000000.0,9752000000.0,NVDA,0.0,0.0,0.0,,,,,,447000000.0,202000000.0,245000000.0,,,,6688000000.0,2339000000.0,4349000000.0,874000000.0,,1122000000.0,692000000.0,791000000.0,,,,,,,,,611000000.0,-100000000.0,-100000000.0,,0.0,,737000000.0,,281000000.0,581000000.0,563000000.0,563000000.0,,,0.0,10385000000.0,,,,,,,,366000000.0,-1715000000.0,,,,0.0,,,,,,,,,,,,,,,,,,,,,,,,,,,,,,,,,,,,,,,,,,,,,,,,,,,,,,,,3509000000.0,,,,
2024-12-31,-160506000.0,0.222,7466000000.0,4147000000.0,1032000000.0,17139000000.0,6743000000.0,5711000000.0,280000000.0,382000000.0,662000000.0,4709494000.0,4147000000.0,26034000000.0,5325000000.0,1039000000.0,1029000000.0,3.99,4.03,4147000000.0,4147000000.0,4147000000.0,4147000000.0,4147000000.0,1182000000.0,5329000000.0,-714000000.0,9000000.0,280000000.0,382000000.0,662000000.0,5763000000.0,8895000000.0,2979000000.0,4148000000.0,14658000000.0,17139000000.0,31797000000.0,31797000000.0,337000000.0,993000000.0,1330000000.0,3318000000.0,9879000000.0,9254000000.0,30296000000.0,12716000000.0,9254000000.0,,20417000000.0,30296000000.0,20417000000.0,20417000000.0,-550000000.0,-550000000.0,27347000000.0,0.0,0.0,61194000000.0,12818000000.0,2939000000.0,,9879000000.0,,9879000000.0,48376000000.0,,,,,,,,,48376000000.0,8478000000.0,39898000000.0,,,39898000000.0,81611000000.0,20519000000.0,3265000000.0,,,4583000000.0,1581000000.0,3002000000.0,3002000000.0,1508000000.0,-7483000000.0,8991000000.0,343000000.0,,8207000000.0,337000000.0,0.0,61092000000.0,4651000000.0,,45618000000.0,,38655000000.0,10822000000.0,4261000000.0,6561000000.0,,,6767000000.0,-6047000000.0,-2317000000.0,2202000000.0,95000000.0,-683000000.0,366000000.0,1027000000.0,22390000000.0,21834000000.0,763000000.0,-8276000000.0,-8276000000.0,-2209000000.0,,,-5952000000.0,-6047000000.0,95000000.0,-115000000.0,,-115000000.0,-2317000000.0,2202000000.0,1589000000.0,1589000000.0,1605000000.0,666000000.0,27299000000.0,-26633000000.0,0.0,,-682000000.0,-683000000.0,7450000000.0,7450000000.0,-558000000.0,-1131000000.0,413000000.0,-8000000.0,83000000.0,83000000.0,83000000.0,,85000000.0,85000000.0,1418000000.0,1230000000.0,231000000.0,231000000.0,1032000000.0,1032000000.0,4147000000.0,PYPL,-723000000.0,-723000000.0,-438000000.0,,-285000000.0,2001000000.0,2147000000.0,2147000000.0,,,,,,,11163000000.0,326000000.0,10837000000.0,,,,,,,,-207000000.0,,,,,,825000000.0,285000000.0,285000000.0,,0.0,,104000000.0,,,,207000000.0,207000000.0,,1768000000.0,27085000000.0,20705000000.0,,,,1000000.0,,,,,,,,,438000000.0,,,,,,,,0.0,,,,,,,,,,,,,,,,,,,,0.0,,,,,,,,,,,,,1000000.0,,,,,,,,,,,,,,,,6963000000.0,-335000000.0,,
2023-12-31,61275000.0,0.215,6545000000.0,4246000000.0,1072000000.0,16067000000.0,6830000000.0,5758000000.0,133000000.0,347000000.0,480000000.0,4022275000.0,4246000000.0,24827000000.0,5028000000.0,1107000000.0,1103000000.0,3.84,3.85,4246000000.0,4246000000.0,4246000000.0,4246000000.0,4246000000.0,1165000000.0,5411000000.0,334000000.0,49000000.0,133000000.0,347000000.0,480000000.0,4944000000.0,8760000000.0,2973000000.0,3868000000.0,13704000000.0,16067000000.0,29771000000.0,29771000000.0,245000000.0,1072000000.0,1317000000.0,595000000.0,9676000000.0,9488000000.0,30727000000.0,14103000000.0,9488000000.0,,21051000000.0,30727000000.0,21051000000.0,21051000000.0,-746000000.0,-746000000.0,23200000000.0,0.0,0.0,61115000000.0,12649000000.0,2973000000.0,,9676000000.0,,9676000000.0,48466000000.0,,,,,,,,,48466000000.0,6392000000.0,42074000000.0,,,42074000000.0,82166000000.0,19597000000.0,3273000000.0,,,3273000000.0,1882000000.0,1391000000.0,1391000000.0,1488000000.0,-6948000000.0,8436000000.0,317000000.0,,7752000000.0,333000000.0,0.0,62569000000.0,2509000000.0,,46000000000.0,,40004000000.0,14057000000.0,4976000000.0,9081000000.0,777000000.0,8304000000.0,4220000000.0,-5002000000.0,-1053000000.0,1528000000.0,127000000.0,-623000000.0,331000000.0,2118000000.0,21834000000.0,19156000000.0,2602000000.0,-2993000000.0,-2993000000.0,1407000000.0,,,-4875000000.0,-5002000000.0,127000000.0,475000000.0,,475000000.0,-1053000000.0,1528000000.0,752000000.0,752000000.0,-1451000000.0,2315000000.0,24295000000.0,-21980000000.0,466000000.0,0.0,-578000000.0,-623000000.0,4843000000.0,4843000000.0,-1314000000.0,-1188000000.0,-222000000.0,203000000.0,7000000.0,7000000.0,7000000.0,,-114000000.0,-114000000.0,956000000.0,1475000000.0,-668000000.0,-668000000.0,1072000000.0,1072000000.0,4246000000.0,PYPL,285000000.0,285000000.0,84000000.0,,201000000.0,1809000000.0,2059000000.0,2059000000.0,,,,,,,11563000000.0,537000000.0,11026000000.0,,,,,,,,76000000.0,,,,,,846000000.0,-557000000.0,-201000000.0,,0.0,,34000000.0,,,,226000000.0,226000000.0,,1919000000.0,21045000000.0,19642000000.0,,,,45000000.0,,,,,,,,,-84000000.0,,,,,,,,466000000.0,,,,,,,,,,,,,,,,,,,,-356000000.0,,,,,,,,,,,,,3000000.0,,,,,,,,,,,,,,,,5996000000.0,-367000000.0,,
2022-12-31,-143591000.0,0.281,5498000000.0,2419000000.0,1317000000.0,13745000000.0,4987000000.0,3670000000.0,-130000000.0,304000000.0,174000000.0,2786409000.0,2419000000.0,23474000000.0,3837000000.0,1158000000.0,1154000000.0,2.09,2.1,2419000000.0,2419000000.0,2419000000.0,2419000000.0,2419000000.0,947000000.0,3366000000.0,-548000000.0,-37000000.0,-130000000.0,304000000.0,174000000.0,4044000000.0,9729000000.0,3253000000.0,4356000000.0,13773000000.0,13745000000.0,27518000000.0,27518000000.0,173000000.0,1136000000.0,1309000000.0,2641000000.0,10417000000.0,8277000000.0,30691000000.0,12416000000.0,8277000000.0,,20274000000.0,30691000000.0,20274000000.0,20274000000.0,-928000000.0,-928000000.0,18954000000.0,0.0,0.0,58350000000.0,13342000000.0,2925000000.0,,10417000000.0,,10417000000.0,45008000000.0,,,,,,,,,45008000000.0,4868000000.0,40140000000.0,813000000.0,813000000.0,40140000000.0,78624000000.0,21200000000.0,2455000000.0,,,5018000000.0,2201000000.0,2817000000.0,2817000000.0,1730000000.0,-6382000000.0,8112000000.0,364000000.0,,7335000000.0,388000000.0,0.0,57424000000.0,1898000000.0,,44658000000.0,,37227000000.0,10851000000.0,3075000000.0,7776000000.0,,,5107000000.0,-4199000000.0,-1686000000.0,3475000000.0,143000000.0,-706000000.0,280000000.0,878000000.0,19156000000.0,18029000000.0,1282000000.0,-1203000000.0,-1203000000.0,1064000000.0,,,-4056000000.0,-4199000000.0,143000000.0,1789000000.0,,1789000000.0,-1686000000.0,3475000000.0,-3328000000.0,-3328000000.0,-5819000000.0,3192000000.0,23411000000.0,-20219000000.0,0.0,0.0,-701000000.0,-706000000.0,5813000000.0,5813000000.0,-454000000.0,-1230000000.0,856000000.0,118000000.0,-35000000.0,-35000000.0,-35000000.0,,-163000000.0,-163000000.0,1847000000.0,1261000000.0,-811000000.0,-811000000.0,1317000000.0,1317000000.0,2419000000.0,PYPL,-511000000.0,-511000000.0,-207000000.0,,-304000000.0,2257000000.0,2099000000.0,2099000000.0,2925000000.0,,2925000000.0,,,,11997000000.0,788000000.0,11209000000.0,,,,,,,,-155000000.0,,373000000.0,373000000.0,,,846000000.0,304000000.0,304000000.0,,0.0,,25000000.0,,,,471000000.0,471000000.0,,2120000000.0,16079000000.0,18327000000.0,,,,5000000.0,,,,1898000000.0,,,,,207000000.0,,,,,,,,0.0,,,,,,,,,,,,,,,,,,,,0.0,,,,,,,,,,,,,17000000.0,,,,,,,,,,,,,,,,7431000000.0,-70000000.0,,
2021-12-31,-4320000.0,0.27,5612000000.0,4169000000.0,1265000000.0,11375000000.0,5596000000.0,4331000000.0,-175000000.0,232000000.0,57000000.0,4180680000.0,4169000000.0,21047000000.0,4262000000.0,1186000000.0,1174000000.0,3.52,3.55,4169000000.0,4169000000.0,4169000000.0,4169000000.0,4169000000.0,-70000000.0,4099000000.0,-50000000.0,-34000000.0,-175000000.0,232000000.0,57000000.0,4324000000.0,9672000000.0,3038000000.0,4559000000.0,13996000000.0,11375000000.0,25371000000.0,25371000000.0,132000000.0,1168000000.0,1300000000.0,2852000000.0,8049000000.0,8941000000.0,29776000000.0,9545000000.0,8941000000.0,,21727000000.0,29776000000.0,21727000000.0,21727000000.0,-136000000.0,-136000000.0,16535000000.0,0.0,0.0,54076000000.0,11047000000.0,,,8049000000.0,,8049000000.0,43029000000.0,,,,999000000.0,,999000000.0,999000000.0,,43029000000.0,3755000000.0,39274000000.0,236000000.0,236000000.0,39038000000.0,75803000000.0,23229000000.0,1737000000.0,,,6797000000.0,3252000000.0,3545000000.0,3545000000.0,1909000000.0,-5681000000.0,7590000000.0,379000000.0,,6745000000.0,380000000.0,0.0,52574000000.0,1287000000.0,,41787000000.0,,36941000000.0,9391000000.0,4194000000.0,5197000000.0,,,4889000000.0,-3373000000.0,-361000000.0,272000000.0,162000000.0,-908000000.0,231000000.0,474000000.0,18029000000.0,18040000000.0,91000000.0,-557000000.0,-557000000.0,2743000000.0,,,-3211000000.0,-3373000000.0,162000000.0,-89000000.0,,-89000000.0,-361000000.0,272000000.0,-5149000000.0,-5149000000.0,-1065000000.0,-418000000.0,39698000000.0,-40116000000.0,-2763000000.0,-2763000000.0,-903000000.0,-908000000.0,5797000000.0,5797000000.0,-1645000000.0,-1178000000.0,272000000.0,-486000000.0,-31000000.0,-31000000.0,-31000000.0,,-222000000.0,-222000000.0,1087000000.0,1376000000.0,-482000000.0,-482000000.0,1265000000.0,1265000000.0,4169000000.0,PYPL,-16000000.0,-16000000.0,-62000000.0,,46000000.0,2445000000.0,2114000000.0,2114000000.0,2998000000.0,,2998000000.0,,,,12786000000.0,1332000000.0,11454000000.0,,,,,,,,-102000000.0,,73000000.0,73000000.0,,,822000000.0,-46000000.0,-46000000.0,,0.0,,86000000.0,,,,443000000.0,443000000.0,,2075000000.0,11880000000.0,17208000000.0,,,,5000000.0,,,,1287000000.0,,,,,62000000.0,0.0,,,,,,,0.0,,,,,,,,,,,,,,,,,,,,0.0,,,,,,,,,,,,,109000000.0,,,,,,,,,,,,,,,,4846000000.0,73000000.0,,
2024-12-31,0.0,0.13,26314821000.0,8711631000.0,15630431000.0,21038464000.0,26314821000.0,10684390000.0,-451957000.0,718733000.0,266776000.0,8711631000.0,8711631000.0,28583352000.0,10417614000.0,4392610000.0,4295190000.0,1.983,2.028,8711631000.0,8711631000.0,8711631000.0,8711631000.0,8711631000.0,1254026000.0,9965657000.0,,,-451957000.0,718733000.0,266776000.0,10417614000.0,7544888000.0,2925295000.0,4619593000.0,17962502000.0,21038464000.0,39000966000.0,39000966000.0,247842540.0,4277571000.0,4525413540.0,7778071000.0,15582804000.0,-7708895000.0,40326371000.0,2344979000.0,-7708895000.0,,24743567000.0,38541918000.0,24743567000.0,24743567000.0,362162000.0,362162000.0,31300917000.0,6252126000.0,6252126000.0,28886807000.0,18131407000.0,4333056000.0,,13798351000.0,,13798351000.0,10755400000.0,4393681000.0,1520813000.0,1520813000.0,1784453000.0,,1784453000.0,1784453000.0,,3056453000.0,2156544000.0,899909000.0,,,899909000.0,53630374000.0,40529995000.0,6483777000.0,,,,,,,1593756000.0,-917537000.0,2511293000.0,1026593000.0,,695716000.0,85000000.0,0.0,13100379000.0,1096412000.0,,1988304000.0,,1335304000.0,9583739000.0,1779006000.0,7804733000.0,2940526000.0,4864207000.0,6921826000.0,-6263746000.0,-400000000.0,1794460000.0,832887000.0,-439538000.0,674502000.0,1641530000.0,7807337000.0,7118515000.0,1105153000.0,-4074427000.0,-4074427000.0,-38028000.0,,,-5430859000.0,-6263746000.0,832887000.0,1394460000.0,,1394460000.0,-400000000.0,1794460000.0,-2181784000.0,-2181784000.0,,-1742246000.0,0.0,-1742246000.0,0.0,0.0,-439538000.0,-439538000.0,7361364000.0,7361364000.0,-33075000.0,-368507000.0,,22180000.0,313252000.0,121353000.0,121353000.0,,,,-16507974000.0,272588000.0,-590698000.0,-590698000.0,15630431000.0,15630431000.0,8711631000.0,NFLX,,,,,,2917554000.0,1702039000.0,1702039000.0,,,,,,,32452462000.0,32452462000.0,,475684000.0,,,,,,,-416331000.0,,,,,,328914000.0,-121539000.0,,,0.0,,228300000.0,653000000.0,,191899000.0,15301517000.0,15301517000.0,,,13171638000.0,,,,,,,,,431924000.0,,,,,,,,,,,,,,,,,-121539000.0,,,,,,,,,,,,,,,,,,,,,,,,,,,,,,,,,,,,,,,,,,,,,,,,
2023-12-31,0.0,0.13,21508387000.0,5407990000.0,14554384000.0,19715368000.0,21508387000.0,6954003000.0,-748598000.0,748598000.0,,5407990000.0,5407990000.0,26769294000.0,6954003000.0,4494980000.0,4415710000.0,1.203,1.225,5407990000.0,5407990000.0,5407990000.0,5407990000.0,5407990000.0,797415000.0,6205405000.0,,,-748598000.0,748598000.0,,6954003000.0,7053926000.0,2675758000.0,4378168000.0,14007929000.0,19715368000.0,33723297000.0,33723297000.0,160782680.0,4327595840.0,4488378520.0,7426348000.0,14543261000.0,-11069743000.0,35131574000.0,1057478000.0,-11069743000.0,,20588313000.0,34731730000.0,20588313000.0,20588313000.0,-223945000.0,-223945000.0,22589286000.0,5145172000.0,5145172000.0,28143679000.0,19283024000.0,5139607000.0,,14143417000.0,,14143417000.0,8860655000.0,4466470000.0,1442969000.0,1442969000.0,399844000.0,,399844000.0,399844000.0,,2551372000.0,1803960000.0,747412000.0,,,747412000.0,48731992000.0,38813859000.0,5664359000.0,,,,,,,1491444000.0,-855043000.0,2346487000.0,1032492000.0,,668338000.0,85000000.0,0.0,9918133000.0,529257000.0,,1842054000.0,,1287054000.0,7137886000.0,20973000.0,7116913000.0,1130284000.0,5986629000.0,6925749000.0,-6045347000.0,0.0,0.0,169990000.0,-348552000.0,684504000.0,1154973000.0,7118515000.0,5170582000.0,1865249000.0,-5950803000.0,-5950803000.0,-75446000.0,,,-5875357000.0,-6045347000.0,169990000.0,0.0,,0.0,0.0,0.0,541751000.0,541751000.0,,890303000.0,1395165000.0,-504862000.0,0.0,0.0,-348552000.0,-348552000.0,7274301000.0,7274301000.0,-116148000.0,-132212000.0,,-181003000.0,197067000.0,93502000.0,93502000.0,,,,-12628230000.0,339368000.0,-459359000.0,-459359000.0,14554384000.0,14554384000.0,5407990000.0,NFLX,,,,,,2657883000.0,1720285000.0,1720285000.0,,,,,,,31658056000.0,31658056000.0,,154165000.0,,,,,,,82684000.0,,,,,,356947000.0,176296000.0,,,0.0,,406492000.0,555000000.0,,103565000.0,14197437000.0,14197437000.0,,,6922200000.0,,,,,,,,,408936000.0,,,,,,,,,,,,,,,,,176296000.0,,,,,,,,,,,,,,,,,,,,,,,,,,,,,,,,,,,,,,,,,,,,,,,,
2022-12-31,0.0,0.15,20332955000.0,4491924000.0,14362814000.0,19168285000.0,20332955000.0,5970141000.0,-368902000.0,706212000.0,337310000.0,4491924000.0,4491924000.0,25982719000.0,5632831000.0,4512900000.0,4446980000.0,0.995,1.01,4491924000.0,4491924000.0,4491924000.0,4491924000.0,4491924000.0,772005000.0,5263929000.0,,,-368902000.0,706212000.0,337310000.0,5632831000.0,6814434000.0,2711041000.0,4103393000.0,12447265000.0,19168285000.0,31615550000.0,31615550000.0,15644780.0,4453467760.0,4469112540.0,9205900000.0,14353076000.0,-11959312000.0,35130477000.0,1335499000.0,-11959312000.0,,20777401000.0,35130477000.0,20777401000.0,20777401000.0,-217306000.0,-217306000.0,17181296000.0,4637601000.0,4637601000.0,27817367000.0,19886393000.0,5533317000.0,,14353076000.0,,14353076000.0,7930974000.0,4480150000.0,1264661000.0,1264661000.0,,,,,,2186163000.0,1514650000.0,671513000.0,,,671513000.0,48594768000.0,39328295000.0,5193325000.0,,,,,,,1398257000.0,-753741000.0,2151998000.0,1040570000.0,,738762000.0,85005000.0,0.0,9266473000.0,1228388000.0,,1586898000.0,,988898000.0,6058452000.0,911276000.0,5147176000.0,1075592000.0,4071584000.0,1618528000.0,0.0,-700000000.0,0.0,35746000.0,-407729000.0,701693000.0,811720000.0,5170582000.0,6055111000.0,-714389000.0,-664254000.0,-664254000.0,,,,35746000.0,0.0,35746000.0,-700000000.0,,-700000000.0,-700000000.0,0.0,-2076392000.0,-2076392000.0,,-911276000.0,0.0,-911276000.0,-757387000.0,-757387000.0,-407729000.0,-407729000.0,2026257000.0,2026257000.0,-758087000.0,-190197000.0,,-353834000.0,-214056000.0,-158543000.0,-158543000.0,,,,-16126185000.0,575452000.0,-166550000.0,-166550000.0,14362814000.0,14362814000.0,4491924000.0,NFLX,,,,,,2530502000.0,1572891000.0,1572891000.0,,,,,,,32736713000.0,32736713000.0,,52106000.0,,,,,,,-170140000.0,,,,,,336682000.0,-353111000.0,,,0.0,,235555000.0,598000000.0,,-55513000.0,14026132000.0,14026132000.0,,,824190000.0,,,,,,,,,392735000.0,,,,,,,,,,,,,,,,,-353111000.0,,,,,,,,,,,,,,,,,,,,,,,,,,,,,,,,,,,,,,,,,,,,,,,,
2021-12-31,0.0,0.12,19044502000.0,5116228000.0,12438779000.0,17332683000.0,19044502000.0,6605723000.0,-354406000.0,765620000.0,411214000.0,5116228000.0,5116228000.0,23503335000.0,6194509000.0,4553720000.0,4431550000.0,1.124,1.155,5116228000.0,5116228000.0,5116228000.0,5116228000.0,5116228000.0,723875000.0,5840103000.0,,,-354406000.0,765620000.0,411214000.0,6194509000.0,6170652000.0,2273885000.0,3896767000.0,12365161000.0,17332683000.0,29697844000.0,29697844000.0,15644780.0,4439631070.0,4455275850.0,9365091000.0,15392895000.0,-15070291000.0,31242143000.0,-419141000.0,-15070291000.0,,15849248000.0,30542320000.0,15849248000.0,15849248000.0,-40495000.0,-40495000.0,12689372000.0,4024561000.0,4024561000.0,28735415000.0,20246449000.0,5553377000.0,,14693072000.0,,14693072000.0,8488966000.0,4292967000.0,1209342000.0,1209342000.0,699823000.0,,699823000.0,,,2286834000.0,1449351000.0,837483000.0,,,837483000.0,44584663000.0,36514838000.0,4271846000.0,,,,,,,1323453000.0,-616306000.0,1939759000.0,863342000.0,380452000.0,663665000.0,82381000.0,0.0,8069825000.0,913883000.0,,804320000.0,,804320000.0,6027804000.0,0.0,6027804000.0,1924191000.0,4103613000.0,-131975000.0,-600022000.0,-500000000.0,0.0,174414000.0,-524585000.0,763432000.0,509265000.0,6055111000.0,8238870000.0,-2097019000.0,-1149776000.0,-1149776000.0,-224168000.0,,,-425608000.0,-600022000.0,174414000.0,-500000000.0,,-500000000.0,-500000000.0,0.0,-1339853000.0,-1339853000.0,-26919000.0,0.0,0.0,0.0,-788349000.0,-788349000.0,-524585000.0,-524585000.0,392610000.0,392610000.0,-241977000.0,-197749000.0,,-369681000.0,325453000.0,145115000.0,145115000.0,,,,-17092527000.0,403220000.0,199548000.0,199548000.0,12438779000.0,12438779000.0,5116228000.0,NFLX,,,,,,2545146000.0,1351621000.0,1351621000.0,,,,,,,30919539000.0,30919539000.0,,48123000.0,,,,,,,-86740000.0,,,,,,208412000.0,-430661000.0,,,0.0,,282248000.0,,,180338000.0,12230367000.0,12230367000.0,,,824190000.0,,,,,,,,,323818000.0,,,,,,,,,,,,,,,,,-430661000.0,,,,,,,,,,,,,,,,,,,,,,,,,,,,,,,,,,,,,,,,,,,,,,,,
2024-11-30,-196400000.0,0.2,8939000000.0,5560000000.0,857000000.0,1670000000.0,7957000000.0,7100000000.0,172000000.0,169000000.0,341000000.0,6345600000.0,5560000000.0,13764000000.0,6741000000.0,450000000.0,447000000.0,12.36,12.43,5560000000.0,5560000000.0,5560000000.0,5560000000.0,5560000000.0,1371000000.0,6931000000.0,-982000000.0,,172000000.0,169000000.0,341000000.0,7741000000.0,11406000000.0,3944000000.0,7293000000.0,19147000000.0,2358000000.0,21505000000.0,21505000000.0,160000000.0,441000000.0,601000000.0,,6056000000.0,535000000.0,19733000000.0,711000000.0,535000000.0,428000000.0,14105000000.0,18234000000.0,14105000000.0,14105000000.0,-201000000.0,-201000000.0,38470000000.0,0.0,0.0,16125000000.0,5604000000.0,446000000.0,548000000.0,4482000000.0,353000000.0,4129000000.0,10521000000.0,677000000.0,6131000000.0,6131000000.0,1574000000.0,75000000.0,1499000000.0,1499000000.0,,1352000000.0,751000000.0,601000000.0,240000000.0,119000000.0,361000000.0,30230000000.0,18998000000.0,1554000000.0,1657000000.0,1657000000.0,,,,,2217000000.0,-1655000000.0,3872000000.0,222000000.0,281000000.0,1551000000.0,163000000.0,0.0,11232000000.0,1274000000.0,,2072000000.0,,2072000000.0,7886000000.0,273000000.0,7613000000.0,6826000000.0,787000000.0,7873000000.0,-9500000000.0,0.0,1997000000.0,361000000.0,-183000000.0,143000000.0,1727000000.0,7613000000.0,7141000000.0,481000000.0,-7724000000.0,-7724000000.0,-582000000.0,,,-9139000000.0,-9500000000.0,361000000.0,1997000000.0,,1997000000.0,0.0,1997000000.0,149000000.0,149000000.0,,332000000.0,499000000.0,-167000000.0,0.0,0.0,-183000000.0,-183000000.0,8056000000.0,8056000000.0,144000000.0,309000000.0,,,308000000.0,112000000.0,44000000.0,,143000000.0,143000000.0,10000000.0,1833000000.0,-468000000.0,-468000000.0,857000000.0,857000000.0,5560000000.0,ADBE,-982000000.0,-982000000.0,-1000000000.0,,18000000.0,5764000000.0,1529000000.0,1529000000.0,128000000.0,128000000.0,,646000000.0,,,13570000000.0,782000000.0,12788000000.0,1628000000.0,,,,,-14000000.0,2086000000.0,-9000000.0,,68000000.0,68000000.0,-35000000.0,78000000.0,857000000.0,77000000.0,,,0.0,,27000000.0,,,196000000.0,,,,,37583000000.0,13419000000.0,,,,,,,,,-616000000.0,,,,1000000000.0,,,,,,141000000.0,,,,,,,77000000.0,,,,,,,,,,,,,,,,,,,,,,169000000.0,169000000.0,,,,,,,,,,,,,,,,,,,,,,,169000000.0,169000000.0
2023-11-30,-1600000.0,0.2,7792000000.0,5428000000.0,872000000.0,1650000000.0,7784000000.0,6912000000.0,156000000.0,113000000.0,269000000.0,5434400000.0,5428000000.0,12759000000.0,6650000000.0,459000000.0,457000000.0,11.82,11.87,5428000000.0,5428000000.0,5428000000.0,5428000000.0,5428000000.0,1371000000.0,6799000000.0,-7000000.0,1000000.0,156000000.0,113000000.0,269000000.0,6650000000.0,10405000000.0,3473000000.0,6764000000.0,17055000000.0,2354000000.0,19409000000.0,19409000000.0,146000000.0,455000000.0,601000000.0,,4080000000.0,2625000000.0,20152000000.0,2833000000.0,2625000000.0,446000000.0,16518000000.0,20152000000.0,16518000000.0,16518000000.0,-285000000.0,-285000000.0,33346000000.0,0.0,0.0,13261000000.0,5010000000.0,376000000.0,514000000.0,4007000000.0,373000000.0,3634000000.0,8251000000.0,495000000.0,5837000000.0,5837000000.0,73000000.0,73000000.0,,,,1200000000.0,679000000.0,521000000.0,207000000.0,85000000.0,314000000.0,29779000000.0,18695000000.0,1223000000.0,1191000000.0,1191000000.0,,,,,2388000000.0,-1731000000.0,4119000000.0,275000000.0,358000000.0,1661000000.0,163000000.0,0.0,11084000000.0,1018000000.0,,2224000000.0,,2224000000.0,7842000000.0,701000000.0,7141000000.0,6523000000.0,618000000.0,6942000000.0,-4400000000.0,-500000000.0,0.0,314000000.0,-360000000.0,106000000.0,1854000000.0,7141000000.0,4236000000.0,2896000000.0,-5182000000.0,-5182000000.0,-596000000.0,,,-4086000000.0,-4400000000.0,314000000.0,-500000000.0,,-500000000.0,-500000000.0,0.0,776000000.0,776000000.0,,1136000000.0,1189000000.0,-53000000.0,0.0,0.0,-360000000.0,-360000000.0,7302000000.0,7302000000.0,-355000000.0,536000000.0,,,86000000.0,-60000000.0,-49000000.0,,-159000000.0,-159000000.0,3000000.0,1718000000.0,-426000000.0,-426000000.0,872000000.0,872000000.0,5428000000.0,ADBE,-8000000.0,-8000000.0,0.0,,-8000000.0,5351000000.0,1413000000.0,1413000000.0,113000000.0,113000000.0,,535000000.0,,,13893000000.0,1088000000.0,12805000000.0,1660000000.0,,,,,-16000000.0,2240000000.0,9000000.0,,-11000000.0,-11000000.0,-10000000.0,0.0,872000000.0,72000000.0,,,0.0,,2000000.0,,,146000000.0,,,,,28129000000.0,11586000000.0,,,,,,,,,-818000000.0,,,,0.0,,,,,,111000000.0,,,,,,,72000000.0,,,,,,,,,,,,,,,,,,,,,,168000000.0,168000000.0,,,,,,,,,,,,,,,,,,,,,,,168000000.0,168000000.0
2022-11-30,-8400000.0,0.21,7016000000.0,4756000000.0,856000000.0,1478000000.0,6976000000.0,6120000000.0,-51000000.0,112000000.0,61000000.0,4787600000.0,4756000000.0,11508000000.0,6098000000.0,471000000.0,470000000.0,10.1,10.13,4756000000.0,4756000000.0,4756000000.0,4756000000.0,4756000000.0,1252000000.0,6008000000.0,-39000000.0,1000000.0,-51000000.0,112000000.0,61000000.0,6098000000.0,9343000000.0,2987000000.0,6187000000.0,15441000000.0,2165000000.0,17606000000.0,17606000000.0,139000000.0,462000000.0,601000000.0,,4633000000.0,-185000000.0,18180000000.0,868000000.0,-185000000.0,504000000.0,14051000000.0,17680000000.0,14051000000.0,14051000000.0,-293000000.0,-293000000.0,28319000000.0,0.0,0.0,13114000000.0,4986000000.0,293000000.0,530000000.0,4046000000.0,417000000.0,3629000000.0,8128000000.0,439000000.0,5297000000.0,5297000000.0,587000000.0,87000000.0,500000000.0,500000000.0,,1214000000.0,643000000.0,571000000.0,192000000.0,75000000.0,379000000.0,27165000000.0,18169000000.0,841000000.0,777000000.0,777000000.0,,,,,2315000000.0,-1569000000.0,3884000000.0,259000000.0,407000000.0,1497000000.0,144000000.0,0.0,8996000000.0,835000000.0,,2065000000.0,,2065000000.0,6096000000.0,1860000000.0,4236000000.0,3579000000.0,657000000.0,7396000000.0,-6550000000.0,0.0,0.0,278000000.0,-442000000.0,103000000.0,778000000.0,4236000000.0,3844000000.0,443000000.0,-6825000000.0,-6825000000.0,-553000000.0,,,-6272000000.0,-6550000000.0,278000000.0,0.0,,0.0,0.0,0.0,-570000000.0,-570000000.0,,-2000000.0,953000000.0,-955000000.0,-126000000.0,-126000000.0,-442000000.0,-442000000.0,7838000000.0,7838000000.0,336000000.0,536000000.0,,,92000000.0,85000000.0,66000000.0,,-198000000.0,-198000000.0,10000000.0,1440000000.0,328000000.0,328000000.0,856000000.0,856000000.0,4756000000.0,ADBE,-40000000.0,-40000000.0,0.0,,-40000000.0,4968000000.0,1219000000.0,1219000000.0,117000000.0,117000000.0,,485000000.0,,,14236000000.0,1449000000.0,12787000000.0,902000000.0,,,,,-23000000.0,2088000000.0,-51000000.0,,19000000.0,19000000.0,29000000.0,0.0,856000000.0,83000000.0,,,0.0,,675000000.0,,,7000000.0,,,,,23843000000.0,9868000000.0,,,,,,,,,-94000000.0,,,,0.0,,,,,,106000000.0,,,,,,,83000000.0,,,,,,,,,,,,,,,,,,,,,,169000000.0,169000000.0,,,,,,,,,,,,,,,,,,,,,,,169000000.0,169000000.0
2021-11-30,-150000.0,0.15,6607000000.0,4822000000.0,788000000.0,1249000000.0,6606000000.0,5818000000.0,-96000000.0,113000000.0,17000000.0,4822850000.0,4822000000.0,9983000000.0,5802000000.0,481000000.0,477000000.0,10.02,10.1,4822000000.0,4822000000.0,4822000000.0,4822000000.0,4822000000.0,883000000.0,5705000000.0,-1000000.0,,-96000000.0,113000000.0,17000000.0,5802000000.0,8118000000.0,2540000000.0,5406000000.0,13920000000.0,1865000000.0,15785000000.0,15785000000.0,126000000.0,475000000.0,601000000.0,279000000.0,4673000000.0,309000000.0,18920000000.0,1737000000.0,309000000.0,550000000.0,14797000000.0,18920000000.0,14797000000.0,14797000000.0,-137000000.0,-137000000.0,23905000000.0,0.0,0.0,12444000000.0,5512000000.0,257000000.0,534000000.0,4576000000.0,453000000.0,4123000000.0,6932000000.0,448000000.0,4733000000.0,4733000000.0,97000000.0,97000000.0,,,,1036000000.0,551000000.0,485000000.0,173000000.0,54000000.0,312000000.0,27241000000.0,18572000000.0,883000000.0,1085000000.0,1085000000.0,,,,,2116000000.0,-1451000000.0,3567000000.0,268000000.0,443000000.0,1405000000.0,145000000.0,0.0,8669000000.0,993000000.0,,1878000000.0,,1878000000.0,5798000000.0,1954000000.0,3844000000.0,3094000000.0,750000000.0,6882000000.0,-3950000000.0,0.0,0.0,291000000.0,-348000000.0,100000000.0,843000000.0,3844000000.0,4478000000.0,-608000000.0,-4301000000.0,-4301000000.0,-642000000.0,,,-3659000000.0,-3950000000.0,291000000.0,0.0,,0.0,0.0,0.0,-3537000000.0,-3537000000.0,,-507000000.0,1068000000.0,-1575000000.0,-2682000000.0,-2682000000.0,-348000000.0,-348000000.0,7230000000.0,7230000000.0,292000000.0,1053000000.0,,,144000000.0,-18000000.0,-20000000.0,,-430000000.0,-430000000.0,7000000.0,1069000000.0,183000000.0,183000000.0,788000000.0,788000000.0,4822000000.0,ADBE,-1000000.0,-1000000.0,,,-1000000.0,4321000000.0,1085000000.0,1085000000.0,145000000.0,145000000.0,5000000.0,490000000.0,,,14488000000.0,1820000000.0,12668000000.0,904000000.0,,,,,-16000000.0,1894000000.0,-26000000.0,,2000000.0,2000000.0,-4000000.0,,788000000.0,73000000.0,,,0.0,40000000.0,402000000.0,,,162000000.0,,,,,17399000000.0,8428000000.0,,,,,,,,993000000.0,-475000000.0,,,,,,,,,,128000000.0,34000000.0,,,,,,73000000.0,,,,,,,,,,,,,,,,,,,,,,172000000.0,172000000.0,,,,,,,,,,,,,,,,,,,,,,,172000000.0,172000000.0
2024-12-31,-369396000.0,0.186,17803000000.0,10631000000.0,1075000000.0,18324000000.0,15817000000.0,14742000000.0,-668000000.0,1656000000.0,988000000.0,12247604000.0,10631000000.0,33039000000.0,9992000000.0,4320000000.0,4309000000.0,2.46,2.47,10631000000.0,10631000000.0,10631000000.0,10649000000.0,10649000000.0,2437000000.0,13086000000.0,-268000000.0,-52000000.0,-668000000.0,1656000000.0,988000000.0,14022000000.0,14715000000.0,,7957000000.0,28737000000.0,18324000000.0,47061000000.0,47061000000.0,2738000000.0,4302000000.0,7040000000.0,33694000000.0,44522000000.0,-6584000000.0,69378000000.0,748000000.0,-6584000000.0,,24856000000.0,67231000000.0,26372000000.0,24856000000.0,-16843000000.0,116000000.0,76054000000.0,1760000000.0,1760000000.0,74177000000.0,48928000000.0,4084000000.0,,42375000000.0,,42375000000.0,25249000000.0,,,,2147000000.0,,2147000000.0,648000000.0,1139000000.0,21711000000.0,14856000000.0,6855000000.0,1387000000.0,1387000000.0,5468000000.0,100549000000.0,74552000000.0,13403000000.0,1319000000.0,1319000000.0,18087000000.0,,,,10303000000.0,-9570000000.0,19873000000.0,,,14504000000.0,226000000.0,0.0,25997000000.0,3129000000.0,4728000000.0,3569000000.0,,3569000000.0,14571000000.0,3743000000.0,10828000000.0,,,4741000000.0,-1795000000.0,-9533000000.0,12061000000.0,747000000.0,-2064000000.0,,,11488000000.0,9692000000.0,2419000000.0,-6910000000.0,-6910000000.0,-31000000.0,-8359000000.0,-8359000000.0,-1048000000.0,-1795000000.0,747000000.0,2528000000.0,,2528000000.0,-9533000000.0,12061000000.0,2524000000.0,2524000000.0,429000000.0,949000000.0,6589000000.0,-5640000000.0,3170000000.0,-315000000.0,-2024000000.0,-2064000000.0,6805000000.0,6805000000.0,-6234000000.0,,-63000000.0,,311000000.0,311000000.0,1134000000.0,-520000000.0,-295000000.0,-295000000.0,1952000000.0,286000000.0,-11000000.0,-11000000.0,1075000000.0,1075000000.0,10649000000.0,KO,-1986000000.0,-1986000000.0,-2301000000.0,34000000.0,315000000.0,7671000000.0,286000000.0,,2469000000.0,,2469000000.0,1391000000.0,,18087000000.0,31440000000.0,13301000000.0,18139000000.0,5143000000.0,,1524000000.0,,2794000000.0,-506000000.0,4075000000.0,-623000000.0,,-823000000.0,-823000000.0,,,,-912000000.0,,1770000000.0,,,,,,,,,,6758000000.0,55916000000.0,19801000000.0,,410000000.0,,40000000.0,,,,,-5667000000.0,,,-18000000.0,2246000000.0,1516000000.0,,,,360000000.0,,,3485000000.0,,,,-110000000.0,,,-23000000.0,286000000.0,,,,,,,,,,,,,,886000000.0,,,,,,,,-15610000000.0,-1285000000.0,-64000000.0,,-802000000.0,,,,,,842000000.0,,,,,,,,,,,,
2023-12-31,-198360000.0,0.174,16747000000.0,10714000000.0,1128000000.0,18520000000.0,15607000000.0,14479000000.0,-620000000.0,1527000000.0,907000000.0,11655640000.0,10714000000.0,32656000000.0,11311000000.0,4339000000.0,4323000000.0,2.47,2.48,10714000000.0,10714000000.0,10714000000.0,10703000000.0,10703000000.0,2249000000.0,12952000000.0,473000000.0,-78000000.0,-620000000.0,1527000000.0,907000000.0,13098000000.0,14136000000.0,,7863000000.0,27234000000.0,18520000000.0,45754000000.0,45754000000.0,2732000000.0,4308000000.0,7040000000.0,32698000000.0,42064000000.0,-6766000000.0,68005000000.0,3161000000.0,-6766000000.0,,25941000000.0,61488000000.0,27480000000.0,25941000000.0,-14275000000.0,-154000000.0,73782000000.0,1760000000.0,1760000000.0,70223000000.0,46652000000.0,8466000000.0,,35547000000.0,,35547000000.0,23571000000.0,,,,6517000000.0,,6517000000.0,1960000000.0,4209000000.0,15660000000.0,8501000000.0,7159000000.0,1569000000.0,1569000000.0,5590000000.0,97703000000.0,70971000000.0,7796000000.0,1561000000.0,1561000000.0,19671000000.0,118000000.0,,,9236000000.0,-9233000000.0,18469000000.0,,,13593000000.0,229000000.0,0.0,26732000000.0,5235000000.0,4424000000.0,3410000000.0,,3410000000.0,13663000000.0,4297000000.0,9366000000.0,,,9747000000.0,-2289000000.0,-5034000000.0,6891000000.0,539000000.0,-1852000000.0,,,9692000000.0,9825000000.0,-60000000.0,-8310000000.0,-8310000000.0,-465000000.0,-7952000000.0,-7952000000.0,-1750000000.0,-2289000000.0,539000000.0,1857000000.0,,1857000000.0,-5034000000.0,6891000000.0,-3349000000.0,-3349000000.0,405000000.0,-2344000000.0,4354000000.0,-6698000000.0,368000000.0,-62000000.0,-1778000000.0,-1852000000.0,11599000000.0,11599000000.0,-846000000.0,,-187000000.0,,263000000.0,263000000.0,841000000.0,-597000000.0,-2000000.0,-2000000.0,1206000000.0,254000000.0,-2000000.0,-2000000.0,1128000000.0,1128000000.0,10703000000.0,KO,-1140000000.0,-1140000000.0,-1325000000.0,39000000.0,185000000.0,7609000000.0,254000000.0,,2639000000.0,,2639000000.0,1394000000.0,,19671000000.0,32707000000.0,14349000000.0,18358000000.0,4647000000.0,,1449000000.0,,2618000000.0,-502000000.0,3912000000.0,-73000000.0,,-578000000.0,-578000000.0,,,,-844000000.0,,1691000000.0,,,,,,,,,,6273000000.0,54535000000.0,19209000000.0,,357000000.0,,74000000.0,,,,,-323000000.0,,,11000000.0,1337000000.0,1539000000.0,,,,348000000.0,,,430000000.0,,,,175000000.0,,,-42000000.0,254000000.0,,,,,,,,,,,,,,,,,,,15000000.0,15000000.0,,-12726000000.0,-1394000000.0,-1000000.0,,-1019000000.0,,,,,,59000000.0,,-35000000.0,,,,,,,,,15000000.0,15000000.0
2022-12-31,-205073000.0,0.181,14961000000.0,9542000000.0,1260000000.0,18000000000.0,13828000000.0,12568000000.0,-433000000.0,882000000.0,449000000.0,10469927000.0,9542000000.0,30962000000.0,10909000000.0,4350000000.0,4328000000.0,2.19,2.2,9542000000.0,9542000000.0,9542000000.0,9571000000.0,9571000000.0,2115000000.0,11686000000.0,77000000.0,-262000000.0,-433000000.0,882000000.0,449000000.0,12042000000.0,12962000000.0,,12880000000.0,25004000000.0,18000000000.0,43004000000.0,43004000000.0,2712000000.0,4328000000.0,7040000000.0,29630000000.0,39149000000.0,-9526000000.0,63254000000.0,2867000000.0,-9526000000.0,,24105000000.0,60482000000.0,25826000000.0,24105000000.0,-14895000000.0,24000000.0,71019000000.0,1760000000.0,1760000000.0,66937000000.0,47213000000.0,7922000000.0,,36377000000.0,,36377000000.0,19724000000.0,,,,2772000000.0,,2772000000.0,399000000.0,2146000000.0,15865000000.0,9355000000.0,6510000000.0,1203000000.0,1203000000.0,5307000000.0,92763000000.0,70172000000.0,6189000000.0,1746000000.0,1746000000.0,18765000000.0,501000000.0,,,9841000000.0,-9234000000.0,19075000000.0,,,14030000000.0,611000000.0,0.0,22591000000.0,3240000000.0,4233000000.0,3487000000.0,,3487000000.0,11631000000.0,2112000000.0,9519000000.0,,,9534000000.0,-1418000000.0,-4930000000.0,3972000000.0,837000000.0,-1484000000.0,,,9825000000.0,10025000000.0,5000000.0,-10250000000.0,-10250000000.0,-1095000000.0,-7616000000.0,-7616000000.0,-581000000.0,-1418000000.0,837000000.0,-958000000.0,,-958000000.0,-4930000000.0,3972000000.0,-763000000.0,-763000000.0,-759000000.0,1020000000.0,4771000000.0,-3751000000.0,385000000.0,-73000000.0,-1409000000.0,-1484000000.0,11018000000.0,11018000000.0,-605000000.0,,-200000000.0,,399000000.0,399000000.0,759000000.0,-960000000.0,-69000000.0,-69000000.0,1193000000.0,356000000.0,-122000000.0,-122000000.0,1260000000.0,1260000000.0,9571000000.0,KO,-1133000000.0,-1133000000.0,-1133000000.0,96000000.0,-496000000.0,7086000000.0,356000000.0,,2914000000.0,,2914000000.0,1087000000.0,,18264000000.0,33631000000.0,14849000000.0,18782000000.0,4434000000.0,,1247000000.0,,2627000000.0,-516000000.0,4003000000.0,-205000000.0,,-360000000.0,-360000000.0,,,,-635000000.0,,1472000000.0,,934000000.0,,,,,,,,82000000.0,52601000000.0,18822000000.0,,359000000.0,,75000000.0,,,,3240000000.0,225000000.0,,,-29000000.0,1076000000.0,1721000000.0,,,,227000000.0,,,458000000.0,,,,203000000.0,,,-219000000.0,356000000.0,,,,,,,,,,,,,,57000000.0,,,,,,,,-13609000000.0,-1285000000.0,-25000000.0,,-838000000.0,,,,,,,,,,,,,,,,,,
2021-12-31,234843000.0,0.211,14361000000.0,9771000000.0,1452000000.0,15357000000.0,15474000000.0,14022000000.0,-1321000000.0,1597000000.0,276000000.0,8892843000.0,9771000000.0,27616000000.0,10308000000.0,4340000000.0,4315000000.0,2.25,2.26,9771000000.0,9771000000.0,9771000000.0,9804000000.0,9804000000.0,2621000000.0,12425000000.0,2707000000.0,156000000.0,-1321000000.0,1597000000.0,276000000.0,11039000000.0,12259000000.0,,12144000000.0,23298000000.0,15357000000.0,38655000000.0,38655000000.0,2715000000.0,4325128924.0,7040128924.0,33077000000.0,42761000000.0,-11614000000.0,65760000000.0,2595000000.0,-11614000000.0,,22999000000.0,61115000000.0,24860000000.0,22999000000.0,-14330000000.0,20000000.0,69094000000.0,1760000000.0,1760000000.0,69494000000.0,49544000000.0,8607000000.0,,38116000000.0,,38116000000.0,19950000000.0,,,,4645000000.0,,4645000000.0,1338000000.0,2462000000.0,14254000000.0,7848000000.0,6406000000.0,686000000.0,686000000.0,4602000000.0,94354000000.0,71809000000.0,6731000000.0,2129000000.0,2129000000.0,18416000000.0,818000000.0,,,9920000000.0,-8942000000.0,18862000000.0,,,13861000000.0,652000000.0,0.0,22545000000.0,2994000000.0,3414000000.0,3512000000.0,,3512000000.0,12625000000.0,2941000000.0,9684000000.0,,,11258000000.0,-111000000.0,-12866000000.0,13094000000.0,702000000.0,-1367000000.0,,,10025000000.0,7110000000.0,3074000000.0,-6786000000.0,-6786000000.0,-353000000.0,-7252000000.0,-7252000000.0,591000000.0,-111000000.0,702000000.0,228000000.0,,228000000.0,-12866000000.0,13094000000.0,-2765000000.0,-2765000000.0,51000000.0,1029000000.0,7059000000.0,-6030000000.0,-2586000000.0,-4766000000.0,-1259000000.0,-1367000000.0,12625000000.0,12625000000.0,1325000000.0,,-351000000.0,,2277000000.0,2277000000.0,2843000000.0,-135000000.0,-225000000.0,-225000000.0,-658000000.0,337000000.0,894000000.0,894000000.0,1452000000.0,1452000000.0,9804000000.0,KO,1113000000.0,1113000000.0,646000000.0,,467000000.0,6672000000.0,337000000.0,5135000000.0,2821000000.0,,2821000000.0,1051000000.0,,17598000000.0,34613000000.0,15250000000.0,19363000000.0,4349000000.0,,982000000.0,,2133000000.0,-516000000.0,4028000000.0,-159000000.0,,-566000000.0,-566000000.0,,,,-529000000.0,,1438000000.0,,1118000000.0,,,,,,,,115000000.0,51641000000.0,18116000000.0,,299000000.0,,108000000.0,,,,2994000000.0,-241000000.0,,,-33000000.0,70000000.0,1861000000.0,,,,845000000.0,,,2180000000.0,,,,86000000.0,,,15000000.0,337000000.0,,,,,,,,,,,,,,78000000.0,,,,,,,,-12595000000.0,-1693000000.0,-62000000.0,,-615000000.0,,,,,,809000000.0,,,,,,,,,,,,
2020-12-31,,,,,,,,,,,,,,,,,,,,,,,,,,,,,,,,,,,,,,,,,,,,,,,,,,,,,,,,,,,,,,,,,,,,,,,,,,,,,,,,,,,,,,,812000000.0,,,,,,,,,,,,,,,,,,,,,,,,,,,,,,,,,,,,,,,,,,,,,,,,,,,,,,,,,,,507000000.0,,,,,,,,,,,,,,,,KO,,,,252000000.0,,,,4190000000.0,,,,,,,,,,,,,,,,,,,,,,,,,,,,1137000000.0,,,,,,,,,,,,,,,,,,1916000000.0,,,,,,,,,,,,,,,,,,,,,,,,,,,,,,,,,,,215000000.0,,,,,,,,,,,,,,,,,,2000000.0,,,,,,,,,,,,
